%
% JOURNAL ABBREVIATIONS
%
@STRING{AMS 	= "Amer.\ Meteor.\ Soc."}
@STRING{AGU 	= "Amer.\ Geophys.\ Union"}
@STRING{AIP 	= "Amer. Inst. Phys."}
@STRING{ADGEO     = "Adv.\ Geosci."}
@STRING{AFM       = "Agric.\ For.\ Meteor."}
@STRING{AM        = "Ann.\ Meteor."}
@STRING{AN        = "Astrophys.\ Norv."}		% Astrophysica Norvegica
@STRING{AO        = "Atmos.--Ocean"}			% Atmosphere--Ocean, published by Canadian Meteorological Society (CMOS)
@STRING{AR        = "Atmos.\ Res."}			% Atmospheric Research
@STRING{ARFM      = "Annu.\ Rev.\ Fluid Mech."}
@STRING{AUMET     = "Aust.\ Meteor.\ Mag."}
@STRING{BAMS      = "Bull.\ Amer.\ Meteor.\ Soc."}
@STRING{CAP       = "Contrib.\ Atmos.\ Phys."}
@STRING{CC        = "Climate Change"}      % Climate Change 
@STRING{CCH       = "Climatic Change"}			% Climatic Change
@STRING{CDYN      = "Climate Dyn."}
@STRING{CHAOS     = "Chaos"}
@STRING{COL       = "Collier's"}
@STRING{CRS       = "Cont.\ Shelf Res."}
@STRING{DAO       = "Dyn.\ Atmos.\ Oceans"}
@STRING{ECO       = "Ecology"}
@STRING{EI        = "Earth Interact."}
@STRING{GA        = "Geophysica"}			% Geophysica, published by Geophysical Society of Finland 
@STRING{GEOMAG    = "Geophys.\ Mag."}
@STRING{GN        = "Geophys.\ Norv."}			% Geophysica Norvegica
@STRING{GRL       = "Geophys.\ Res.\ Lett."}
@STRING{GEOINT    = "Geofis.\ Int."}			% Geofisica Internacional (Mexican journal -- vols. 3--5 contained proceedings from a hurricane conference
@STRING{GEOPUB    = "Geofys.\ Publ."}
@STRING{GPC       = "Global Planet.\ Change"}
@STRING{HP        = "Health Phys."}
@STRING{IAOP      = "Izv.\ Atmos.\ Ocean.\ Phys.\ (Engl.\ Transl.)"}
@STRING{IJC       = "Int.\ J.\ Climatol."}
@STRING{JAM       = "J.\ Appl.\ Meteor."}		% renamed to name below in 2006
@STRING{JAMC      = "J.\ Appl.\ Meteor.\ Climatol."}  	% Journal of Applied Meteorology and Climatology (this journal used to be called the Journal of Applied Meteorology before 2006)
@STRING{JAS       = "J.\ Atmos.\ Sci."}
@STRING{JAOT      = "J.\ Atmos.\ Oceanic Technol."}
@STRING{JCAM      = "J.\ Climate Appl.\ Meteor."}	% from 1983--87, now JAMC
@STRING{JCLI      = "J.\ Climate"}
@STRING{JCR       = "J.\ Coastal Res."}
@STRING{JFM       = "J.\ Fluid\ Mech."}
@STRING{JEM       = "J.\ Eng.\ Math."}			% Journal of Engineering Mathematics
@STRING{JGR       = "J.\ Geophys.\ Res."}
@STRING{JHM       = "J.\ Hydrometeor."}
@STRING{JMS       = "J.\ Mar.\ Syst."}
@STRING{JM        = "J.\ Meteor."}
@STRING{JMR       = "J.\ Mar.\ Res."}
@STRING{JMSJ      = "J.\ Meteor.\ Soc.\ Japan"}
@STRING{JPO       = "J.\ Phys.\ Oceanogr."}
@STRING{JOCEAN    = "J.\ Oceanogr."}			% Journal of Oceanography
@STRING{JOSJ      = "J.\ Oceanogr.\ Soc.\ Japan"}
@STRING{JSE       = "J.\ Struct.\ Eng."}	% Journal of Structural Engineering at ASCE
@STRING{JTM       = "J.\ Tropical Meteor."}
@STRING{JWEIA     = "J.\ Wind Eng.\ Ind.\ Aerodyn."}
@STRING{MA        = "Meteor.\ Appl."}
@STRING{MAP       = "Meteor.\ Atmos.\ Phys."}
@STRING{METMON    = "Meteor.\ Monogr."}
@STRING{METZEIT   = "Meteor.\ Z."}
@STRING{MWL       = "Mar.\ Wea.\ Log"}
@STRING{MWR       = "Mon.\ Wea.\ Rev."}
@STRING{NAT       = "Nature"}
@STRING{NHR       = "Nat.\ Hazards Rev."}
@STRING{NWD       = "Natl.\ Weather Dig."}
@STRING{OA        = "Oceanol. Aeta"}
@STRING{OCEAN     = "Oceanography"}                	% a quarterly journal of The Oceanography Society
@STRING{PAG       = "Pure Appl.\ Geophys."}
@STRING{PF        = "Phys.\ Fluids"}
@STRING{PHYSD     = "Physica D"}
@STRING{PMG       = "Pap.\ Meteor.\ Geophys."}	% Papers in Meteorology and Geophysics
@STRING{PNAS      = "Proc.\ Natl.\ Acad.\ Sci.\ (USA)"}
@STRING{PRE       = "Phys.\ Rev.\ E"}
@STRING{PRSA      = "Proc.\ Roy.\ Soc."}
@STRING{PT        = "Phys.\ Today"}
@STRING{PTRS      = "Philos.\ Trans.\ Roy.\ Soc.\ London"}
@STRING{QJRMS     = "Quart.\ J.\ Roy.\ Meteor.\ Soc."}
@STRING{RGEO      = "Rev. Geophys."}
@STRING{SCI       = "Science"}
@STRING{SOLA      = "SOLA"}				% Scientific Online Letters on the Atmosphere
@STRING{TAGU      = "Eos, Trans.\ Amer.\ Geophys.\ Union"}
@STRING{TELLUS    = "Tellus"}
@STRING{TCFD      = "Theor.\ Comput.\ Fluid Dyn."}
@STRING{WEA       = "Weather"}
@STRING{WW        = "Weatherwise"}
@STRING{WF        = "Wea.\ Forecasting"}
@STRING{WMOB      = "WMO Bull."}

% SAMPLE REFERENCES. Remove these and insert your own reference database.

@article{bird2014wind,
	Author = {Bird, Lori and Cochran, Jaquelin and Wang, Xi},
	Date-Added = {2017-04-11 15:23:30 +0000},
	Date-Modified = {2017-04-11 15:23:30 +0000},
	Journal = {US National Renewable Energy Laboratory, NREL/TP-6A20-60983},
	Pages = {3},
	Title = {Wind and solar energy curtailment: experience and practices in the United States},
	Year = {2014},
	Bdsk-File-1 = {YnBsaXN0MDDUAQIDBAUGJCVYJHZlcnNpb25YJG9iamVjdHNZJGFyY2hpdmVyVCR0b3ASAAGGoKgHCBMUFRYaIVUkbnVsbNMJCgsMDxJXTlMua2V5c1pOUy5vYmplY3RzViRjbGFzc6INDoACgAOiEBGABIAFgAdccmVsYXRpdmVQYXRoWWFsaWFzRGF0YV8QLU5SRUwgUmVwb3J0IC0gV2luZCBDdXJ0YWlsbWVudCBmcm9tIEljaW5nLnBkZtIXCxgZV05TLmRhdGFPEQKYAAAAAAKYAAIAAAxNYWNpbnRvc2ggSEQAAAAAAAAAAAAAAAAAAADSSGuhSCsAAAHG0KwfTlJFTCBSZXBvcnQgLSBXaW5kICMyMjBERUM4LnBkZgAAAAAAAAAAAAAAAAAAAAAAAAAAAAAAAAAAAAAAAAAAAiDeyNUSbY8AAAAAAAAAAAABAAIAAAkgAAAAAAAAAAAAAAAAAAAACkxpdCBSZXZpZXcAEAAIAADSSKPhAAAAEQAIAADVEqXPAAAAAQAYAcbQrAA2PGoADMRLAAyiGgAK6YAABiqaAAIAiU1hY2ludG9zaCBIRDpVc2VyczoAbWF0dGlyaXNoOgBEZXNrdG9wOgBUaGlzIFNlbWVzdGVyIFN0dWZmOgBDTElNQVRFIDUzMSBhbmQgQU9TUyA0OTkjMzYzQzZBOgBMaXQgUmV2aWV3OgBOUkVMIFJlcG9ydCAtIFdpbmQgIzIyMERFQzgucGRmAAAOAFwALQBOAFIARQBMACAAUgBlAHAAbwByAHQAIAAtACAAVwBpAG4AZAAgAEMAdQByAHQAYQBpAGwAbQBlAG4AdAAgAGYAcgBvAG0AIABJAGMAaQBuAGcALgBwAGQAZgAPABoADABNAGEAYwBpAG4AdABvAHMAaAAgAEgARAASAKBVc2Vycy9tYXR0aXJpc2gvRGVza3RvcC9UaGlzIFNlbWVzdGVyIFN0dWZmL0NMSU1BVEUgNTMxIGFuZCBBT1NTIDQ5OSAtIEZaUk4gcHJvamVjdCB3aXRoIENsaW1hdGUgQ2VudGVyL0xpdCBSZXZpZXcvTlJFTCBSZXBvcnQgLSBXaW5kIEN1cnRhaWxtZW50IGZyb20gSWNpbmcucGRmABMAAS8AABUAAgAQ//8AAIAG0hscHR5aJGNsYXNzbmFtZVgkY2xhc3Nlc11OU011dGFibGVEYXRhox0fIFZOU0RhdGFYTlNPYmplY3TSGxwiI1xOU0RpY3Rpb25hcnmiIiBfEA9OU0tleWVkQXJjaGl2ZXLRJidUcm9vdIABAAgAEQAaACMALQAyADcAQABGAE0AVQBgAGcAagBsAG4AcQBzAHUAdwCEAI4AvgDDAMsDZwNpA24DeQOCA5ADlAObA6QDqQO2A7kDywPOA9MAAAAAAAACAQAAAAAAAAAoAAAAAAAAAAAAAAAAAAAD1Q==}}


@article{pellikka2000modelling,
	Author = {Pellikka, Petri and Seed, Evan D and King, Douglas J},
	Date-Added = {2017-04-11 03:54:15 +0000},
	Date-Modified = {2017-04-11 03:54:15 +0000},
	Journal = {Canadian Journal of Remote Sensing},
	Number = {5},
	Pages = {394--405},
	Publisher = {Taylor \& Francis},
	Title = {Modelling deciduous forest ice storm damage using aerial CIR imagery and hemispheric photography},
	Volume = {26},
	Year = {2000},
	Bdsk-File-1 = {YnBsaXN0MDDUAQIDBAUGJCVYJHZlcnNpb25YJG9iamVjdHNZJGFyY2hpdmVyVCR0b3ASAAGGoKgHCBMUFRYaIVUkbnVsbNMJCgsMDxJXTlMua2V5c1pOUy5vYmplY3RzViRjbGFzc6INDoACgAOiEBGABIAFgAdccmVsYXRpdmVQYXRoWWFsaWFzRGF0YV8QLlBlbGxpa2thIDIwMDAgLSBGb3Jlc3QgTWFuYWdlbWVudCBhbmQgRlpSQS5wZGbSFwsYGVdOUy5kYXRhTxECnAAAAAACnAACAAAMTWFjaW50b3NoIEhEAAAAAAAAAAAAAAAAAAAA0khroUgrAAABxtCsH1BlbGxpa2thIDIwMDAgLSBGb3IjMjIwRDNGMC5wZGYAAAAAAAAAAAAAAAAAAAAAAAAAAAAAAAAAAAAAAAAAAAIg0/DVEcvRAAAAAAAAAAAAAQACAAAJIAAAAAAAAAAAAAAAAAAAAApMaXQgUmV2aWV3ABAACAAA0kij4QAAABEACAAA1RIEEQAAAAEAGAHG0KwANjxqAAzESwAMohoACumAAAYqmgACAIlNYWNpbnRvc2ggSEQ6VXNlcnM6AG1hdHRpcmlzaDoARGVza3RvcDoAVGhpcyBTZW1lc3RlciBTdHVmZjoAQ0xJTUFURSA1MzEgYW5kIEFPU1MgNDk5IzM2M0M2QToATGl0IFJldmlldzoAUGVsbGlra2EgMjAwMCAtIEZvciMyMjBEM0YwLnBkZgAADgBeAC4AUABlAGwAbABpAGsAawBhACAAMgAwADAAMAAgAC0AIABGAG8AcgBlAHMAdAAgAE0AYQBuAGEAZwBlAG0AZQBuAHQAIABhAG4AZAAgAEYAWgBSAEEALgBwAGQAZgAPABoADABNAGEAYwBpAG4AdABvAHMAaAAgAEgARAASAKFVc2Vycy9tYXR0aXJpc2gvRGVza3RvcC9UaGlzIFNlbWVzdGVyIFN0dWZmL0NMSU1BVEUgNTMxIGFuZCBBT1NTIDQ5OSAtIEZaUk4gcHJvamVjdCB3aXRoIENsaW1hdGUgQ2VudGVyL0xpdCBSZXZpZXcvUGVsbGlra2EgMjAwMCAtIEZvcmVzdCBNYW5hZ2VtZW50IGFuZCBGWlJBLnBkZgAAEwABLwAAFQACABD//wAAgAbSGxwdHlokY2xhc3NuYW1lWCRjbGFzc2VzXU5TTXV0YWJsZURhdGGjHR8gVk5TRGF0YVhOU09iamVjdNIbHCIjXE5TRGljdGlvbmFyeaIiIF8QD05TS2V5ZWRBcmNoaXZlctEmJ1Ryb290gAEACAARABoAIwAtADIANwBAAEYATQBVAGAAZwBqAGwAbgBxAHMAdQB3AIQAjgC/AMQAzANsA24DcwN+A4cDlQOZA6ADqQOuA7sDvgPQA9MD2AAAAAAAAAIBAAAAAAAAACgAAAAAAAAAAAAAAAAAAAPa}}

@article{lambert2011simulated,
	Author = {Lambert, Steven J and Hansen, Bjarne K},
	Date-Added = {2017-04-11 03:49:22 +0000},
	Date-Modified = {2017-04-11 03:49:22 +0000},
	Journal = {Atmosphere-ocean},
	Number = {3},
	Pages = {289--295},
	Publisher = {Taylor \& Francis},
	Title = {Simulated changes in the freezing rain climatology of North America under global warming using a coupled climate model},
	Volume = {49},
	Year = {2011},
	Bdsk-File-1 = {YnBsaXN0MDDUAQIDBAUGJCVYJHZlcnNpb25YJG9iamVjdHNZJGFyY2hpdmVyVCR0b3ASAAGGoKgHCBMUFRYaIVUkbnVsbNMJCgsMDxJXTlMua2V5c1pOUy5vYmplY3RzViRjbGFzc6INDoACgAOiEBGABIAFgAdccmVsYXRpdmVQYXRoWWFsaWFzRGF0YV8QNUxhbWJlcnQgMjAxMSAtIEZaUkEgcHJvamVjdGlvbnMgdXNpbmcgY291cGxlZCBHQ00ucGRm0hcLGBlXTlMuZGF0YU8RArAAAAAAArAAAgAADE1hY2ludG9zaCBIRAAAAAAAAAAAAAAAAAAAANJIa6FIKwAAAcbQrB9MYW1iZXJ0IDIwMTEgLSBGWlJBIzIyMEQzOEMucGRmAAAAAAAAAAAAAAAAAAAAAAAAAAAAAAAAAAAAAAAAAAACINOM1RHKlwAAAAAAAAAAAAEAAgAACSAAAAAAAAAAAAAAAAAAAAAKTGl0IFJldmlldwAQAAgAANJIo+EAAAARAAgAANUSAtcAAAABABgBxtCsADY8agAMxEsADKIaAArpgAAGKpoAAgCJTWFjaW50b3NoIEhEOlVzZXJzOgBtYXR0aXJpc2g6AERlc2t0b3A6AFRoaXMgU2VtZXN0ZXIgU3R1ZmY6AENMSU1BVEUgNTMxIGFuZCBBT1NTIDQ5OSMzNjNDNkE6AExpdCBSZXZpZXc6AExhbWJlcnQgMjAxMSAtIEZaUkEjMjIwRDM4Qy5wZGYAAA4AbAA1AEwAYQBtAGIAZQByAHQAIAAyADAAMQAxACAALQAgAEYAWgBSAEEAIABwAHIAbwBqAGUAYwB0AGkAbwBuAHMAIAB1AHMAaQBuAGcAIABjAG8AdQBwAGwAZQBkACAARwBDAE0ALgBwAGQAZgAPABoADABNAGEAYwBpAG4AdABvAHMAaAAgAEgARAASAKhVc2Vycy9tYXR0aXJpc2gvRGVza3RvcC9UaGlzIFNlbWVzdGVyIFN0dWZmL0NMSU1BVEUgNTMxIGFuZCBBT1NTIDQ5OSAtIEZaUk4gcHJvamVjdCB3aXRoIENsaW1hdGUgQ2VudGVyL0xpdCBSZXZpZXcvTGFtYmVydCAyMDExIC0gRlpSQSBwcm9qZWN0aW9ucyB1c2luZyBjb3VwbGVkIEdDTS5wZGYAEwABLwAAFQACABD//wAAgAbSGxwdHlokY2xhc3NuYW1lWCRjbGFzc2VzXU5TTXV0YWJsZURhdGGjHR8gVk5TRGF0YVhOU09iamVjdNIbHCIjXE5TRGljdGlvbmFyeaIiIF8QD05TS2V5ZWRBcmNoaXZlctEmJ1Ryb290gAEACAARABoAIwAtADIANwBAAEYATQBVAGAAZwBqAGwAbgBxAHMAdQB3AIQAjgDGAMsA0wOHA4kDjgOZA6IDsAO0A7sDxAPJA9YD2QPrA+4D8wAAAAAAAAIBAAAAAAAAACgAAAAAAAAAAAAAAAAAAAP1}}

@article{daley2000outbreak,
	Author = {Daley, W Randolph and Smith, Andrew and Paz-Argandona, Enrique and Malilay, Josephine and McGeehin, Michael},
	Date-Added = {2017-04-11 03:41:32 +0000},
	Date-Modified = {2017-04-11 03:41:32 +0000},
	Journal = {The Journal of emergency medicine},
	Number = {1},
	Pages = {87--93},
	Publisher = {Elsevier},
	Title = {An outbreak of carbon monoxide poisoning after a major ice storm in Maine},
	Volume = {18},
	Year = {2000},
	Bdsk-File-1 = {YnBsaXN0MDDUAQIDBAUGJCVYJHZlcnNpb25YJG9iamVjdHNZJGFyY2hpdmVyVCR0b3ASAAGGoKgHCBMUFRYaIVUkbnVsbNMJCgsMDxJXTlMua2V5c1pOUy5vYmplY3RzViRjbGFzc6INDoACgAOiEBGABIAFgAdccmVsYXRpdmVQYXRoWWFsaWFzRGF0YV8QN0RhbGV5IDIwMDAgLSBDYXJib24gTW9ub3hpZGUgRGVhdGhzIGFmdGVyIEljZSBTdG9ybS5wZGbSFwsYGVdOUy5kYXRhTxECtgAAAAACtgACAAAMTWFjaW50b3NoIEhEAAAAAAAAAAAAAAAAAAAA0khroUgrAAABxtCsH0RhbGV5IDIwMDAgLSBDYXJib24jMjIwRDJFMi5wZGYAAAAAAAAAAAAAAAAAAAAAAAAAAAAAAAAAAAAAAAAAAAIg0uLVEchJAAAAAAAAAAAAAQACAAAJIAAAAAAAAAAAAAAAAAAAAApMaXQgUmV2aWV3ABAACAAA0kij4QAAABEACAAA1RIAiQAAAAEAGAHG0KwANjxqAAzESwAMohoACumAAAYqmgACAIlNYWNpbnRvc2ggSEQ6VXNlcnM6AG1hdHRpcmlzaDoARGVza3RvcDoAVGhpcyBTZW1lc3RlciBTdHVmZjoAQ0xJTUFURSA1MzEgYW5kIEFPU1MgNDk5IzM2M0M2QToATGl0IFJldmlldzoARGFsZXkgMjAwMCAtIENhcmJvbiMyMjBEMkUyLnBkZgAADgBwADcARABhAGwAZQB5ACAAMgAwADAAMAAgAC0AIABDAGEAcgBiAG8AbgAgAE0AbwBuAG8AeABpAGQAZQAgAEQAZQBhAHQAaABzACAAYQBmAHQAZQByACAASQBjAGUAIABTAHQAbwByAG0ALgBwAGQAZgAPABoADABNAGEAYwBpAG4AdABvAHMAaAAgAEgARAASAKpVc2Vycy9tYXR0aXJpc2gvRGVza3RvcC9UaGlzIFNlbWVzdGVyIFN0dWZmL0NMSU1BVEUgNTMxIGFuZCBBT1NTIDQ5OSAtIEZaUk4gcHJvamVjdCB3aXRoIENsaW1hdGUgQ2VudGVyL0xpdCBSZXZpZXcvRGFsZXkgMjAwMCAtIENhcmJvbiBNb25veGlkZSBEZWF0aHMgYWZ0ZXIgSWNlIFN0b3JtLnBkZgATAAEvAAAVAAIAEP//AACABtIbHB0eWiRjbGFzc25hbWVYJGNsYXNzZXNdTlNNdXRhYmxlRGF0YaMdHyBWTlNEYXRhWE5TT2JqZWN00hscIiNcTlNEaWN0aW9uYXJ5oiIgXxAPTlNLZXllZEFyY2hpdmVy0SYnVHJvb3SAAQAIABEAGgAjAC0AMgA3AEAARgBNAFUAYABnAGoAbABuAHEAcwB1AHcAhACOAMgAzQDVA48DkQOWA6EDqgO4A7wDwwPMA9ED3gPhA/MD9gP7AAAAAAAAAgEAAAAAAAAAKAAAAAAAAAAAAAAAAAAAA/0=}}

@article{erfani2014aggregated,
	Author = {Erfani, R and Chouinard, L and Cloutier, L},
	Date-Added = {2017-04-11 03:37:43 +0000},
	Date-Modified = {2017-04-11 03:37:43 +0000},
	Journal = {Atmospheric Research},
	Pages = {297--312},
	Publisher = {Elsevier},
	Title = {De-aggregated hazard of freezing rain events},
	Volume = {145},
	Year = {2014},
	Bdsk-File-1 = {YnBsaXN0MDDUAQIDBAUGJCVYJHZlcnNpb25YJG9iamVjdHNZJGFyY2hpdmVyVCR0b3ASAAGGoKgHCBMUFRYaIVUkbnVsbNMJCgsMDxJXTlMua2V5c1pOUy5vYmplY3RzViRjbGFzc6INDoACgAOiEBGABIAFgAdccmVsYXRpdmVQYXRoWWFsaWFzRGF0YV8QLkVyZmFuaSAyMDE0IC0gRGUtYWdncmVnYXRlZCBIYXphcmQgb2YgRlpSQS5wZGbSFwsYGVdOUy5kYXRhTxECnAAAAAACnAACAAAMTWFjaW50b3NoIEhEAAAAAAAAAAAAAAAAAAAA0khroUgrAAABxtCsH0VyZmFuaSAyMDE0IC0gRGUtYWcjMjIwRDJDMS5wZGYAAAAAAAAAAAAAAAAAAAAAAAAAAAAAAAAAAAAAAAAAAAIg0sHVEce4AAAAAAAAAAAAAQACAAAJIAAAAAAAAAAAAAAAAAAAAApMaXQgUmV2aWV3ABAACAAA0kij4QAAABEACAAA1RH/+AAAAAEAGAHG0KwANjxqAAzESwAMohoACumAAAYqmgACAIlNYWNpbnRvc2ggSEQ6VXNlcnM6AG1hdHRpcmlzaDoARGVza3RvcDoAVGhpcyBTZW1lc3RlciBTdHVmZjoAQ0xJTUFURSA1MzEgYW5kIEFPU1MgNDk5IzM2M0M2QToATGl0IFJldmlldzoARXJmYW5pIDIwMTQgLSBEZS1hZyMyMjBEMkMxLnBkZgAADgBeAC4ARQByAGYAYQBuAGkAIAAyADAAMQA0ACAALQAgAEQAZQAtAGEAZwBnAHIAZQBnAGEAdABlAGQAIABIAGEAegBhAHIAZAAgAG8AZgAgAEYAWgBSAEEALgBwAGQAZgAPABoADABNAGEAYwBpAG4AdABvAHMAaAAgAEgARAASAKFVc2Vycy9tYXR0aXJpc2gvRGVza3RvcC9UaGlzIFNlbWVzdGVyIFN0dWZmL0NMSU1BVEUgNTMxIGFuZCBBT1NTIDQ5OSAtIEZaUk4gcHJvamVjdCB3aXRoIENsaW1hdGUgQ2VudGVyL0xpdCBSZXZpZXcvRXJmYW5pIDIwMTQgLSBEZS1hZ2dyZWdhdGVkIEhhemFyZCBvZiBGWlJBLnBkZgAAEwABLwAAFQACABD//wAAgAbSGxwdHlokY2xhc3NuYW1lWCRjbGFzc2VzXU5TTXV0YWJsZURhdGGjHR8gVk5TRGF0YVhOU09iamVjdNIbHCIjXE5TRGljdGlvbmFyeaIiIF8QD05TS2V5ZWRBcmNoaXZlctEmJ1Ryb290gAEACAARABoAIwAtADIANwBAAEYATQBVAGAAZwBqAGwAbgBxAHMAdQB3AIQAjgC/AMQAzANsA24DcwN+A4cDlQOZA6ADqQOuA7sDvgPQA9MD2AAAAAAAAAIBAAAAAAAAACgAAAAAAAAAAAAAAAAAAAPa}}

@article{chang2013cmip5,
	Author = {Chang, Edmund KM},
	Date-Added = {2017-04-11 03:29:10 +0000},
	Date-Modified = {2017-04-11 03:29:10 +0000},
	Journal = {Journal of Climate},
	Number = {24},
	Pages = {9903--9922},
	Title = {CMIP5 projection of significant reduction in extratropical cyclone activity over North America},
	Volume = {26},
	Year = {2013},
	Bdsk-File-1 = {YnBsaXN0MDDUAQIDBAUGJCVYJHZlcnNpb25YJG9iamVjdHNZJGFyY2hpdmVyVCR0b3ASAAGGoKgHCBMUFRYaIVUkbnVsbNMJCgsMDxJXTlMua2V5c1pOUy5vYmplY3RzViRjbGFzc6INDoACgAOiEBGABIAFgAdccmVsYXRpdmVQYXRoWWFsaWFzRGF0YV8QRENoYW5nIDIwMTMgLSBDTUlQNSBSZWR1Y3Rpb24gb2YgRXh0cmF0cm9waWNhbCBDeWNsb25lIHByb2plY3Rpb24ucGRm0hcLGBlXTlMuZGF0YU8RAt4AAAAAAt4AAgAADE1hY2ludG9zaCBIRAAAAAAAAAAAAAAAAAAAANJIa6FIKwAAAcbQrB9DaGFuZyAyMDEzIC0gQ01JUDUgIzIyMEQxQzgucGRmAAAAAAAAAAAAAAAAAAAAAAAAAAAAAAAAAAAAAAAAAAACINHI1RHFjgAAAAAAAAAAAAEAAgAACSAAAAAAAAAAAAAAAAAAAAAKTGl0IFJldmlldwAQAAgAANJIo+EAAAARAAgAANUR/c4AAAABABgBxtCsADY8agAMxEsADKIaAArpgAAGKpoAAgCJTWFjaW50b3NoIEhEOlVzZXJzOgBtYXR0aXJpc2g6AERlc2t0b3A6AFRoaXMgU2VtZXN0ZXIgU3R1ZmY6AENMSU1BVEUgNTMxIGFuZCBBT1NTIDQ5OSMzNjNDNkE6AExpdCBSZXZpZXc6AENoYW5nIDIwMTMgLSBDTUlQNSAjMjIwRDFDOC5wZGYAAA4AigBEAEMAaABhAG4AZwAgADIAMAAxADMAIAAtACAAQwBNAEkAUAA1ACAAUgBlAGQAdQBjAHQAaQBvAG4AIABvAGYAIABFAHgAdAByAGEAdAByAG8AcABpAGMAYQBsACAAQwB5AGMAbABvAG4AZQAgAHAAcgBvAGoAZQBjAHQAaQBvAG4ALgBwAGQAZgAPABoADABNAGEAYwBpAG4AdABvAHMAaAAgAEgARAASALdVc2Vycy9tYXR0aXJpc2gvRGVza3RvcC9UaGlzIFNlbWVzdGVyIFN0dWZmL0NMSU1BVEUgNTMxIGFuZCBBT1NTIDQ5OSAtIEZaUk4gcHJvamVjdCB3aXRoIENsaW1hdGUgQ2VudGVyL0xpdCBSZXZpZXcvQ2hhbmcgMjAxMyAtIENNSVA1IFJlZHVjdGlvbiBvZiBFeHRyYXRyb3BpY2FsIEN5Y2xvbmUgcHJvamVjdGlvbi5wZGYAABMAAS8AABUAAgAQ//8AAIAG0hscHR5aJGNsYXNzbmFtZVgkY2xhc3Nlc11OU011dGFibGVEYXRhox0fIFZOU0RhdGFYTlNPYmplY3TSGxwiI1xOU0RpY3Rpb25hcnmiIiBfEA9OU0tleWVkQXJjaGl2ZXLRJidUcm9vdIABAAgAEQAaACMALQAyADcAQABGAE0AVQBgAGcAagBsAG4AcQBzAHUAdwCEAI4A1QDaAOIDxAPGA8sD1gPfA+0D8QP4BAEEBgQTBBYEKAQrBDAAAAAAAAACAQAAAAAAAAAoAAAAAAAAAAAAAAAAAAAEMg==}}

@article{changnon2007catastrophic,
	Author = {Changnon, Stanley A},
	Date-Added = {2017-04-11 03:18:47 +0000},
	Date-Modified = {2017-04-11 03:18:47 +0000},
	Journal = {Climatic Change},
	Number = {2},
	Pages = {131--139},
	Publisher = {Springer},
	Title = {Catastrophic winter storms: an escalating problem},
	Volume = {84},
	Year = {2007},
	Bdsk-File-1 = {YnBsaXN0MDDUAQIDBAUGJCVYJHZlcnNpb25YJG9iamVjdHNZJGFyY2hpdmVyVCR0b3ASAAGGoKgHCBMUFRYaIVUkbnVsbNMJCgsMDxJXTlMua2V5c1pOUy5vYmplY3RzViRjbGFzc6INDoACgAOiEBGABIAFgAdccmVsYXRpdmVQYXRoWWFsaWFzRGF0YV8QT0NoYW5nbm9uIDIwMDcgLSBXaW50ZXIgc3Rvcm1zIGRlY3JlYXNpbmcgaW4gbnVtYmVyIGJ1dCBpbmNyZWFzaW5nIGluIGRhbWFnZS5wZGbSFwsYGVdOUy5kYXRhTxEC/gAAAAAC/gACAAAMTWFjaW50b3NoIEhEAAAAAAAAAAAAAAAAAAAA0khroUgrAAABxtCsH0NoYW5nbm9uIDIwMDcgLSBXaW4jMjIwRDBCRC5wZGYAAAAAAAAAAAAAAAAAAAAAAAAAAAAAAAAAAAAAAAAAAAIg0L3VEcM+AAAAAAAAAAAAAQACAAAJIAAAAAAAAAAAAAAAAAAAAApMaXQgUmV2aWV3ABAACAAA0kij4QAAABEACAAA1RH7fgAAAAEAGAHG0KwANjxqAAzESwAMohoACumAAAYqmgACAIlNYWNpbnRvc2ggSEQ6VXNlcnM6AG1hdHRpcmlzaDoARGVza3RvcDoAVGhpcyBTZW1lc3RlciBTdHVmZjoAQ0xJTUFURSA1MzEgYW5kIEFPU1MgNDk5IzM2M0M2QToATGl0IFJldmlldzoAQ2hhbmdub24gMjAwNyAtIFdpbiMyMjBEMEJELnBkZgAADgCgAE8AQwBoAGEAbgBnAG4AbwBuACAAMgAwADAANwAgAC0AIABXAGkAbgB0AGUAcgAgAHMAdABvAHIAbQBzACAAZABlAGMAcgBlAGEAcwBpAG4AZwAgAGkAbgAgAG4AdQBtAGIAZQByACAAYgB1AHQAIABpAG4AYwByAGUAYQBzAGkAbgBnACAAaQBuACAAZABhAG0AYQBnAGUALgBwAGQAZgAPABoADABNAGEAYwBpAG4AdABvAHMAaAAgAEgARAASAMJVc2Vycy9tYXR0aXJpc2gvRGVza3RvcC9UaGlzIFNlbWVzdGVyIFN0dWZmL0NMSU1BVEUgNTMxIGFuZCBBT1NTIDQ5OSAtIEZaUk4gcHJvamVjdCB3aXRoIENsaW1hdGUgQ2VudGVyL0xpdCBSZXZpZXcvQ2hhbmdub24gMjAwNyAtIFdpbnRlciBzdG9ybXMgZGVjcmVhc2luZyBpbiBudW1iZXIgYnV0IGluY3JlYXNpbmcgaW4gZGFtYWdlLnBkZgATAAEvAAAVAAIAEP//AACABtIbHB0eWiRjbGFzc25hbWVYJGNsYXNzZXNdTlNNdXRhYmxlRGF0YaMdHyBWTlNEYXRhWE5TT2JqZWN00hscIiNcTlNEaWN0aW9uYXJ5oiIgXxAPTlNLZXllZEFyY2hpdmVy0SYnVHJvb3SAAQAIABEAGgAjAC0AMgA3AEAARgBNAFUAYABnAGoAbABuAHEAcwB1AHcAhACOAOAA5QDtA+8D8QP2BAEECgQYBBwEIwQsBDEEPgRBBFMEVgRbAAAAAAAAAgEAAAAAAAAAKAAAAAAAAAAAAAAAAAAABF0=}}

@article{ramos2006sensitivity,
	Author = {Ramos da Silva, Renato and Bohrer, Gil and Werth, David and Otte, Martin J and Avissar, Roni},
	Date-Added = {2017-04-11 03:05:49 +0000},
	Date-Modified = {2017-04-11 03:05:49 +0000},
	Journal = {Monthly weather review},
	Number = {5},
	Pages = {1454--1464},
	Title = {Sensitivity of ice storms in the southeastern United States to Atlantic SST---Insights from a case study of the December 2002 storm},
	Volume = {134},
	Year = {2006},
	Bdsk-File-1 = {YnBsaXN0MDDUAQIDBAUGJCVYJHZlcnNpb25YJG9iamVjdHNZJGFyY2hpdmVyVCR0b3ASAAGGoKgHCBMUFRYaIVUkbnVsbNMJCgsMDxJXTlMua2V5c1pOUy5vYmplY3RzViRjbGFzc6INDoACgAOiEBGABIAFgAdccmVsYXRpdmVQYXRoWWFsaWFzRGF0YV8QJlJhbW9zIDIwMDYgLSBFZmZlY3Qgb2YgU1NUIG9uIEZaUkEucGRm0hcLGBlXTlMuZGF0YU8RAoQAAAAAAoQAAgAADE1hY2ludG9zaCBIRAAAAAAAAAAAAAAAAAAAANJIa6FIKwAAAcbQrB9SYW1vcyAyMDA2IC0gRWZmZWN0IzIyMEQzMzQucGRmAAAAAAAAAAAAAAAAAAAAAAAAAAAAAAAAAAAAAAAAAAACINM01RHJgQAAAAAAAAAAAAEAAgAACSAAAAAAAAAAAAAAAAAAAAAKTGl0IFJldmlldwAQAAgAANJIo+EAAAARAAgAANUSAcEAAAABABgBxtCsADY8agAMxEsADKIaAArpgAAGKpoAAgCJTWFjaW50b3NoIEhEOlVzZXJzOgBtYXR0aXJpc2g6AERlc2t0b3A6AFRoaXMgU2VtZXN0ZXIgU3R1ZmY6AENMSU1BVEUgNTMxIGFuZCBBT1NTIDQ5OSMzNjNDNkE6AExpdCBSZXZpZXc6AFJhbW9zIDIwMDYgLSBFZmZlY3QjMjIwRDMzNC5wZGYAAA4ATgAmAFIAYQBtAG8AcwAgADIAMAAwADYAIAAtACAARQBmAGYAZQBjAHQAIABvAGYAIABTAFMAVAAgAG8AbgAgAEYAWgBSAEEALgBwAGQAZgAPABoADABNAGEAYwBpAG4AdABvAHMAaAAgAEgARAASAJlVc2Vycy9tYXR0aXJpc2gvRGVza3RvcC9UaGlzIFNlbWVzdGVyIFN0dWZmL0NMSU1BVEUgNTMxIGFuZCBBT1NTIDQ5OSAtIEZaUk4gcHJvamVjdCB3aXRoIENsaW1hdGUgQ2VudGVyL0xpdCBSZXZpZXcvUmFtb3MgMjAwNiAtIEVmZmVjdCBvZiBTU1Qgb24gRlpSQS5wZGYAABMAAS8AABUAAgAQ//8AAIAG0hscHR5aJGNsYXNzbmFtZVgkY2xhc3Nlc11OU011dGFibGVEYXRhox0fIFZOU0RhdGFYTlNPYmplY3TSGxwiI1xOU0RpY3Rpb25hcnmiIiBfEA9OU0tleWVkQXJjaGl2ZXLRJidUcm9vdIABAAgAEQAaACMALQAyADcAQABGAE0AVQBgAGcAagBsAG4AcQBzAHUAdwCEAI4AtwC8AMQDTANOA1MDXgNnA3UDeQOAA4kDjgObA54DsAOzA7gAAAAAAAACAQAAAAAAAAAoAAAAAAAAAAAAAAAAAAADug==}}

@article{davis2014forecast,
	Author = {Davis, Neil and Hahmann, Andrea N and Clausen, Niels-Erik and {\v{Z}}agar, Mark},
	Date-Added = {2017-04-11 02:59:36 +0000},
	Date-Modified = {2017-04-11 02:59:36 +0000},
	Journal = {Journal of Applied Meteorology and Climatology},
	Number = {2},
	Pages = {262--281},
	Title = {Forecast of icing events at a wind farm in Sweden},
	Volume = {53},
	Year = {2014},
	Bdsk-File-1 = {YnBsaXN0MDDUAQIDBAUGJCVYJHZlcnNpb25YJG9iamVjdHNZJGFyY2hpdmVyVCR0b3ASAAGGoKgHCBMUFRYaIVUkbnVsbNMJCgsMDxJXTlMua2V5c1pOUy5vYmplY3RzViRjbGFzc6INDoACgAOiEBGABIAFgAdccmVsYXRpdmVQYXRoWWFsaWFzRGF0YV8QLkRhdmlzIDIwMTMgLSBGb3JlY2FzdGluZyBXaW5kIEljaW5nIEV2ZW50cy5wZGbSFwsYGVdOUy5kYXRhTxECnAAAAAACnAACAAAMTWFjaW50b3NoIEhEAAAAAAAAAAAAAAAAAAAA0khroUgrAAABxtCsH0RhdmlzIDIwMTMgLSBGb3JlY2EjMjIwQ0Y2OS5wZGYAAAAAAAAAAAAAAAAAAAAAAAAAAAAAAAAAAAAAAAAAAAIgz2nVEb6zAAAAAAAAAAAAAQACAAAJIAAAAAAAAAAAAAAAAAAAAApMaXQgUmV2aWV3ABAACAAA0kij4QAAABEACAAA1RH28wAAAAEAGAHG0KwANjxqAAzESwAMohoACumAAAYqmgACAIlNYWNpbnRvc2ggSEQ6VXNlcnM6AG1hdHRpcmlzaDoARGVza3RvcDoAVGhpcyBTZW1lc3RlciBTdHVmZjoAQ0xJTUFURSA1MzEgYW5kIEFPU1MgNDk5IzM2M0M2QToATGl0IFJldmlldzoARGF2aXMgMjAxMyAtIEZvcmVjYSMyMjBDRjY5LnBkZgAADgBeAC4ARABhAHYAaQBzACAAMgAwADEAMwAgAC0AIABGAG8AcgBlAGMAYQBzAHQAaQBuAGcAIABXAGkAbgBkACAASQBjAGkAbgBnACAARQB2AGUAbgB0AHMALgBwAGQAZgAPABoADABNAGEAYwBpAG4AdABvAHMAaAAgAEgARAASAKFVc2Vycy9tYXR0aXJpc2gvRGVza3RvcC9UaGlzIFNlbWVzdGVyIFN0dWZmL0NMSU1BVEUgNTMxIGFuZCBBT1NTIDQ5OSAtIEZaUk4gcHJvamVjdCB3aXRoIENsaW1hdGUgQ2VudGVyL0xpdCBSZXZpZXcvRGF2aXMgMjAxMyAtIEZvcmVjYXN0aW5nIFdpbmQgSWNpbmcgRXZlbnRzLnBkZgAAEwABLwAAFQACABD//wAAgAbSGxwdHlokY2xhc3NuYW1lWCRjbGFzc2VzXU5TTXV0YWJsZURhdGGjHR8gVk5TRGF0YVhOU09iamVjdNIbHCIjXE5TRGljdGlvbmFyeaIiIF8QD05TS2V5ZWRBcmNoaXZlctEmJ1Ryb290gAEACAARABoAIwAtADIANwBAAEYATQBVAGAAZwBqAGwAbgBxAHMAdQB3AIQAjgC/AMQAzANsA24DcwN+A4cDlQOZA6ADqQOuA7sDvgPQA9MD2AAAAAAAAAIBAAAAAAAAACgAAAAAAAAAAAAAAAAAAAPa}}

@article{bernstein2000regional,
	Author = {Bernstein, Ben C},
	Date-Added = {2017-04-11 02:39:43 +0000},
	Date-Modified = {2017-04-11 02:39:43 +0000},
	Journal = {Weather and forecasting},
	Number = {5},
	Pages = {485--508},
	Title = {Regional and local influences on freezing drizzle, freezing rain, and ice pellet events},
	Volume = {15},
	Year = {2000},
	Bdsk-File-1 = {YnBsaXN0MDDUAQIDBAUGJCVYJHZlcnNpb25YJG9iamVjdHNZJGFyY2hpdmVyVCR0b3ASAAGGoKgHCBMUFRYaIVUkbnVsbNMJCgsMDxJXTlMua2V5c1pOUy5vYmplY3RzViRjbGFzc6INDoACgAOiEBGABIAFgAdccmVsYXRpdmVQYXRoWWFsaWFzRGF0YV8QOkJlcm5zdGVpbiAyMDAwIC0gUmVnaW9uYWwgYW5kIExvY2FsIEluZmx1ZW5jZXMgb24gRlpSQS5wZGbSFwsYGVdOUy5kYXRhTxECwAAAAAACwAACAAAMTWFjaW50b3NoIEhEAAAAAAAAAAAAAAAAAAAA0khroUgrAAABxtCsH0Jlcm5zdGVpbiAyMDAwIC0gUmUjMjIwQ0RFMi5wZGYAAAAAAAAAAAAAAAAAAAAAAAAAAAAAAAAAAAAAAAAAAAIgzeLVEboRAAAAAAAAAAAAAQACAAAJIAAAAAAAAAAAAAAAAAAAAApMaXQgUmV2aWV3ABAACAAA0kij4QAAABEACAAA1RHyUQAAAAEAGAHG0KwANjxqAAzESwAMohoACumAAAYqmgACAIlNYWNpbnRvc2ggSEQ6VXNlcnM6AG1hdHRpcmlzaDoARGVza3RvcDoAVGhpcyBTZW1lc3RlciBTdHVmZjoAQ0xJTUFURSA1MzEgYW5kIEFPU1MgNDk5IzM2M0M2QToATGl0IFJldmlldzoAQmVybnN0ZWluIDIwMDAgLSBSZSMyMjBDREUyLnBkZgAADgB2ADoAQgBlAHIAbgBzAHQAZQBpAG4AIAAyADAAMAAwACAALQAgAFIAZQBnAGkAbwBuAGEAbAAgAGEAbgBkACAATABvAGMAYQBsACAASQBuAGYAbAB1AGUAbgBjAGUAcwAgAG8AbgAgAEYAWgBSAEEALgBwAGQAZgAPABoADABNAGEAYwBpAG4AdABvAHMAaAAgAEgARAASAK1Vc2Vycy9tYXR0aXJpc2gvRGVza3RvcC9UaGlzIFNlbWVzdGVyIFN0dWZmL0NMSU1BVEUgNTMxIGFuZCBBT1NTIDQ5OSAtIEZaUk4gcHJvamVjdCB3aXRoIENsaW1hdGUgQ2VudGVyL0xpdCBSZXZpZXcvQmVybnN0ZWluIDIwMDAgLSBSZWdpb25hbCBhbmQgTG9jYWwgSW5mbHVlbmNlcyBvbiBGWlJBLnBkZgAAEwABLwAAFQACABD//wAAgAbSGxwdHlokY2xhc3NuYW1lWCRjbGFzc2VzXU5TTXV0YWJsZURhdGGjHR8gVk5TRGF0YVhOU09iamVjdNIbHCIjXE5TRGljdGlvbmFyeaIiIF8QD05TS2V5ZWRBcmNoaXZlctEmJ1Ryb290gAEACAARABoAIwAtADIANwBAAEYATQBVAGAAZwBqAGwAbgBxAHMAdQB3AIQAjgDLANAA2AOcA54DowOuA7cDxQPJA9AD2QPeA+sD7gQABAMECAAAAAAAAAIBAAAAAAAAACgAAAAAAAAAAAAAAAAAAAQK}}

@article{changnon2003temporal,
	Author = {Changnon, Stanley A and Karl, Thomas R},
	Date-Added = {2017-04-11 02:29:51 +0000},
	Date-Modified = {2017-04-11 02:29:51 +0000},
	Journal = {Journal of Applied Meteorology},
	Number = {9},
	Pages = {1302--1315},
	Title = {Temporal and spatial variations of freezing rain in the contiguous United States: 1948--2000},
	Volume = {42},
	Year = {2003},
	Bdsk-File-1 = {YnBsaXN0MDDUAQIDBAUGJCVYJHZlcnNpb25YJG9iamVjdHNZJGFyY2hpdmVyVCR0b3ASAAGGoKgHCBMUFRYaIVUkbnVsbNMJCgsMDxJXTlMua2V5c1pOUy5vYmplY3RzViRjbGFzc6INDoACgAOiEBGABIAFgAdccmVsYXRpdmVQYXRoWWFsaWFzRGF0YV8QLENoYW5nbm9uIEthcmwgMTk0OC0yMDAwIEZaUkEgQ2xpbWF0b2xvZ3kucGRm0hcLGBlXTlMuZGF0YU8RApYAAAAAApYAAgAADE1hY2ludG9zaCBIRAAAAAAAAAAAAAAAAAAAANJIa6FIKwAAAcbQrB9DaGFuZ25vbiBLYXJsIDE5NDgtIzIyMENEODcucGRmAAAAAAAAAAAAAAAAAAAAAAAAAAAAAAAAAAAAAAAAAAACIM2H1RG36QAAAAAAAAAAAAEAAgAACSAAAAAAAAAAAAAAAAAAAAAKTGl0IFJldmlldwAQAAgAANJIo+EAAAARAAgAANUR8CkAAAABABgBxtCsADY8agAMxEsADKIaAArpgAAGKpoAAgCJTWFjaW50b3NoIEhEOlVzZXJzOgBtYXR0aXJpc2g6AERlc2t0b3A6AFRoaXMgU2VtZXN0ZXIgU3R1ZmY6AENMSU1BVEUgNTMxIGFuZCBBT1NTIDQ5OSMzNjNDNkE6AExpdCBSZXZpZXc6AENoYW5nbm9uIEthcmwgMTk0OC0jMjIwQ0Q4Ny5wZGYAAA4AWgAsAEMAaABhAG4AZwBuAG8AbgAgAEsAYQByAGwAIAAxADkANAA4AC0AMgAwADAAMAAgAEYAWgBSAEEAIABDAGwAaQBtAGEAdABvAGwAbwBnAHkALgBwAGQAZgAPABoADABNAGEAYwBpAG4AdABvAHMAaAAgAEgARAASAJ9Vc2Vycy9tYXR0aXJpc2gvRGVza3RvcC9UaGlzIFNlbWVzdGVyIFN0dWZmL0NMSU1BVEUgNTMxIGFuZCBBT1NTIDQ5OSAtIEZaUk4gcHJvamVjdCB3aXRoIENsaW1hdGUgQ2VudGVyL0xpdCBSZXZpZXcvQ2hhbmdub24gS2FybCAxOTQ4LTIwMDAgRlpSQSBDbGltYXRvbG9neS5wZGYAABMAAS8AABUAAgAQ//8AAIAG0hscHR5aJGNsYXNzbmFtZVgkY2xhc3Nlc11OU011dGFibGVEYXRhox0fIFZOU0RhdGFYTlNPYmplY3TSGxwiI1xOU0RpY3Rpb25hcnmiIiBfEA9OU0tleWVkQXJjaGl2ZXLRJidUcm9vdIABAAgAEQAaACMALQAyADcAQABGAE0AVQBgAGcAagBsAG4AcQBzAHUAdwCEAI4AvQDCAMoDZANmA2sDdgN/A40DkQOYA6EDpgOzA7YDyAPLA9AAAAAAAAACAQAAAAAAAAAoAAAAAAAAAAAAAAAAAAAD0g==}}

@article{rauber2000relative,
	Author = {Rauber, Robert M and Olthoff, Larry S and Ramamurthy, Mohan K and Kunkel, Kenneth E},
	Date-Added = {2017-04-11 02:26:40 +0000},
	Date-Modified = {2017-04-11 02:26:40 +0000},
	Journal = {Journal of Applied Meteorology},
	Number = {7},
	Pages = {1185--1195},
	Title = {The relative importance of warm rain and melting processes in freezing precipitation events},
	Volume = {39},
	Year = {2000},
	Bdsk-File-1 = {YnBsaXN0MDDUAQIDBAUGJCVYJHZlcnNpb25YJG9iamVjdHNZJGFyY2hpdmVyVCR0b3ASAAGGoKgHCBMUFRYaIVUkbnVsbNMJCgsMDxJXTlMua2V5c1pOUy5vYmplY3RzViRjbGFzc6INDoACgAOiEBGABIAFgAdccmVsYXRpdmVQYXRoWWFsaWFzRGF0YV8QNzE1MjAtMDQ1MCUyODIwMDAlMjkwMzktMTE4NSUzQXRyaW93ci0yJTJFMCUyRWNvJTNCMi5wZGbSFwsYGVdOUy5kYXRhTxECtgAAAAACtgACAAAMTWFjaW50b3NoIEhEAAAAAAAAAAAAAAAAAAAA0khroUgrAAABxtCsHzE1MjAtMDQ1MCUyODIwMDAlMjkjMUM2RDBBMC5wZGYAAAAAAAAAAAAAAAAAAAAAAAAAAAAAAAAAAAAAAAAAAAHG0KDULmTOAAAAAAAAAAAAAQACAAAJIAAAAAAAAAAAAAAAAAAAAApMaXQgUmV2aWV3ABAACAAA0kij4QAAABEACAAA1C6dDgAAAAEAGAHG0KwANjxqAAzESwAMohoACumAAAYqmgACAIlNYWNpbnRvc2ggSEQ6VXNlcnM6AG1hdHRpcmlzaDoARGVza3RvcDoAVGhpcyBTZW1lc3RlciBTdHVmZjoAQ0xJTUFURSA1MzEgYW5kIEFPU1MgNDk5IzM2M0M2QToATGl0IFJldmlldzoAMTUyMC0wNDUwJTI4MjAwMCUyOSMxQzZEMEEwLnBkZgAADgBwADcAMQA1ADIAMAAtADAANAA1ADAAJQAyADgAMgAwADAAMAAlADIAOQAwADMAOQAtADEAMQA4ADUAJQAzAEEAdAByAGkAbwB3AHIALQAyACUAMgBFADAAJQAyAEUAYwBvACUAMwBCADIALgBwAGQAZgAPABoADABNAGEAYwBpAG4AdABvAHMAaAAgAEgARAASAKpVc2Vycy9tYXR0aXJpc2gvRGVza3RvcC9UaGlzIFNlbWVzdGVyIFN0dWZmL0NMSU1BVEUgNTMxIGFuZCBBT1NTIDQ5OSAtIEZaUk4gcHJvamVjdCB3aXRoIENsaW1hdGUgQ2VudGVyL0xpdCBSZXZpZXcvMTUyMC0wNDUwJTI4MjAwMCUyOTAzOS0xMTg1JTNBdHJpb3dyLTIlMkUwJTJFY28lM0IyLnBkZgATAAEvAAAVAAIAEP//AACABtIbHB0eWiRjbGFzc25hbWVYJGNsYXNzZXNdTlNNdXRhYmxlRGF0YaMdHyBWTlNEYXRhWE5TT2JqZWN00hscIiNcTlNEaWN0aW9uYXJ5oiIgXxAPTlNLZXllZEFyY2hpdmVy0SYnVHJvb3SAAQAIABEAGgAjAC0AMgA3AEAARgBNAFUAYABnAGoAbABuAHEAcwB1AHcAhACOAMgAzQDVA48DkQOWA6EDqgO4A7wDwwPMA9ED3gPhA/MD9gP7AAAAAAAAAgEAAAAAAAAAKAAAAAAAAAAAAAAAAAAAA/0=}}

@article{boninfreezing,
	Author = {Bonin, Timothy and Arndt, Derek},
	Date-Added = {2017-04-11 02:25:21 +0000},
	Date-Modified = {2017-04-11 02:25:21 +0000},
	Title = {ARE FREEZING RAIN PATTERNS IN THE SOUTH CENTRAL UNITED STATES CHANGING?},
	Bdsk-File-1 = {YnBsaXN0MDDUAQIDBAUGJCVYJHZlcnNpb25YJG9iamVjdHNZJGFyY2hpdmVyVCR0b3ASAAGGoKgHCBMUFRYaIVUkbnVsbNMJCgsMDxJXTlMua2V5c1pOUy5vYmplY3RzViRjbGFzc6INDoACgAOiEBGABIAFgAdccmVsYXRpdmVQYXRoWWFsaWFzRGF0YV8QNlA1OF9BUkVfRlJFRVpJTkdfUkFJTl9QQVRURVJOU19JTl9USEVfU09VVEhfQ0VOVFJBLnBkZtIXCxgZV05TLmRhdGFPEQK0AAAAAAK0AAIAAAxNYWNpbnRvc2ggSEQAAAAAAAAAAAAAAAAAAADSSGuhSCsAAAHG0KwfUDU4X0FSRV9GUkVFWklOR19SQSMxQ0JFRjUyLnBkZgAAAAAAAAAAAAAAAAAAAAAAAAAAAAAAAAAAAAAAAAAAAcvvUtRA32IAAAAAAAAAAAABAAIAAAkgAAAAAAAAAAAAAAAAAAAACkxpdCBSZXZpZXcAEAAIAADSSKPhAAAAEQAIAADUQReiAAAAAQAYAcbQrAA2PGoADMRLAAyiGgAK6YAABiqaAAIAiU1hY2ludG9zaCBIRDpVc2VyczoAbWF0dGlyaXNoOgBEZXNrdG9wOgBUaGlzIFNlbWVzdGVyIFN0dWZmOgBDTElNQVRFIDUzMSBhbmQgQU9TUyA0OTkjMzYzQzZBOgBMaXQgUmV2aWV3OgBQNThfQVJFX0ZSRUVaSU5HX1JBIzFDQkVGNTIucGRmAAAOAG4ANgBQADUAOABfAEEAUgBFAF8ARgBSAEUARQBaAEkATgBHAF8AUgBBAEkATgBfAFAAQQBUAFQARQBSAE4AUwBfAEkATgBfAFQASABFAF8AUwBPAFUAVABIAF8AQwBFAE4AVABSAEEALgBwAGQAZgAPABoADABNAGEAYwBpAG4AdABvAHMAaAAgAEgARAASAKlVc2Vycy9tYXR0aXJpc2gvRGVza3RvcC9UaGlzIFNlbWVzdGVyIFN0dWZmL0NMSU1BVEUgNTMxIGFuZCBBT1NTIDQ5OSAtIEZaUk4gcHJvamVjdCB3aXRoIENsaW1hdGUgQ2VudGVyL0xpdCBSZXZpZXcvUDU4X0FSRV9GUkVFWklOR19SQUlOX1BBVFRFUk5TX0lOX1RIRV9TT1VUSF9DRU5UUkEucGRmAAATAAEvAAAVAAIAEP//AACABtIbHB0eWiRjbGFzc25hbWVYJGNsYXNzZXNdTlNNdXRhYmxlRGF0YaMdHyBWTlNEYXRhWE5TT2JqZWN00hscIiNcTlNEaWN0aW9uYXJ5oiIgXxAPTlNLZXllZEFyY2hpdmVy0SYnVHJvb3SAAQAIABEAGgAjAC0AMgA3AEAARgBNAFUAYABnAGoAbABuAHEAcwB1AHcAhACOAMcAzADUA4wDjgOTA54DpwO1A7kDwAPJA84D2wPeA/AD8wP4AAAAAAAAAgEAAAAAAAAAKAAAAAAAAAAAAAAAAAAAA/o=}}

@inproceedings{swaminathan2015modeling,
	Author = {Swaminathan, Ranjini and Sridharan, Mohan and Dobbie, Gillian and Hayhoe, Katharine},
	Booktitle = {Australasian Joint Conference on Artificial Intelligence},
	Date-Added = {2017-04-11 02:16:41 +0000},
	Date-Modified = {2017-04-11 02:16:41 +0000},
	Organization = {Springer},
	Pages = {539--553},
	Title = {Modeling Ice Storm Climatology},
	Year = {2015},
	Bdsk-File-1 = {YnBsaXN0MDDUAQIDBAUGJCVYJHZlcnNpb25YJG9iamVjdHNZJGFyY2hpdmVyVCR0b3ASAAGGoKgHCBMUFRYaIVUkbnVsbNMJCgsMDxJXTlMua2V5c1pOUy5vYmplY3RzViRjbGFzc6INDoACgAOiEBGABIAFgAdccmVsYXRpdmVQYXRoWWFsaWFzRGF0YV8QIk1vZGVsaW5nIEljZSBTdG9ybSBDbGltYXRvbG9neS5wZGbSFwsYGVdOUy5kYXRhTxECeAAAAAACeAACAAAMTWFjaW50b3NoIEhEAAAAAAAAAAAAAAAAAAAA0khroUgrAAABxtCsH01vZGVsaW5nIEljZSBTdG9ybSAjMUUyMEVGMC5wZGYAAAAAAAAAAAAAAAAAAAAAAAAAAAAAAAAAAAAAAAAAAAHiDvDUZPn4AAAAAAAAAAAAAQACAAAJIAAAAAAAAAAAAAAAAAAAAApMaXQgUmV2aWV3ABAACAAA0kij4QAAABEACAAA1GVASAAAAAEAGAHG0KwANjxqAAzESwAMohoACumAAAYqmgACAIlNYWNpbnRvc2ggSEQ6VXNlcnM6AG1hdHRpcmlzaDoARGVza3RvcDoAVGhpcyBTZW1lc3RlciBTdHVmZjoAQ0xJTUFURSA1MzEgYW5kIEFPU1MgNDk5IzM2M0M2QToATGl0IFJldmlldzoATW9kZWxpbmcgSWNlIFN0b3JtICMxRTIwRUYwLnBkZgAADgBGACIATQBvAGQAZQBsAGkAbgBnACAASQBjAGUAIABTAHQAbwByAG0AIABDAGwAaQBtAGEAdABvAGwAbwBnAHkALgBwAGQAZgAPABoADABNAGEAYwBpAG4AdABvAHMAaAAgAEgARAASAJVVc2Vycy9tYXR0aXJpc2gvRGVza3RvcC9UaGlzIFNlbWVzdGVyIFN0dWZmL0NMSU1BVEUgNTMxIGFuZCBBT1NTIDQ5OSAtIEZaUk4gcHJvamVjdCB3aXRoIENsaW1hdGUgQ2VudGVyL0xpdCBSZXZpZXcvTW9kZWxpbmcgSWNlIFN0b3JtIENsaW1hdG9sb2d5LnBkZgAAEwABLwAAFQACABD//wAAgAbSGxwdHlokY2xhc3NuYW1lWCRjbGFzc2VzXU5TTXV0YWJsZURhdGGjHR8gVk5TRGF0YVhOU09iamVjdNIbHCIjXE5TRGljdGlvbmFyeaIiIF8QD05TS2V5ZWRBcmNoaXZlctEmJ1Ryb290gAEACAARABoAIwAtADIANwBAAEYATQBVAGAAZwBqAGwAbgBxAHMAdQB3AIQAjgCzALgAwAM8Az4DQwNOA1cDZQNpA3ADeQN+A4sDjgOgA6MDqAAAAAAAAAIBAAAAAAAAACgAAAAAAAAAAAAAAAAAAAOq}}

@article{cheng2011possible,
	Author = {Cheng, Chad Shouquan and Li, Guilong and Auld, Heather},
	Date-Added = {2017-04-11 02:07:03 +0000},
	Date-Modified = {2017-04-11 02:07:03 +0000},
	Journal = {Atmosphere-Ocean},
	Number = {1},
	Pages = {8--21},
	Publisher = {Taylor \& Francis},
	Title = {Possible impacts of climate change on freezing rain using downscaled future climate scenarios: updated for eastern Canada},
	Volume = {49},
	Year = {2011},
	Bdsk-File-1 = {YnBsaXN0MDDUAQIDBAUGJCVYJHZlcnNpb25YJG9iamVjdHNZJGFyY2hpdmVyVCR0b3ASAAGGoKgHCBMUFRYaIVUkbnVsbNMJCgsMDxJXTlMua2V5c1pOUy5vYmplY3RzViRjbGFzc6INDoACgAOiEBGABIAFgAdccmVsYXRpdmVQYXRoWWFsaWFzRGF0YV8QfFBvc3NpYmxlIEltcGFjdHMgb2YgQ2xpbWF0ZSBDaGFuZ2Ugb24gRnJlZXppbmcgUmFpbiBVc2luZyBEb3duc2NhbGVkIEZ1dHVyZSBDbGltYXRlIFNjZW5hcmlvcyBVcGRhdGVkIGZvciBFYXN0ZXJuIENhbmFkYS5wZGbSFwsYGVdOUy5kYXRhTxEDhgAAAAADhgACAAAMTWFjaW50b3NoIEhEAAAAAAAAAAAAAAAAAAAA0khroUgrAAABxtCsH1Bvc3NpYmxlIEltcGFjdHMgb2YjMjAxMTMzQy5wZGYAAAAAAAAAAAAAAAAAAAAAAAAAAAAAAAAAAAAAAAAAAAIBEzzUrXl4UERGIENBUk8AAQACAAAJIAAAAAAAAAAAAAAAAAAAAApMaXQgUmV2aWV3ABAACAAA0kij4QAAABEACAAA1K2/yAAAAAEAGAHG0KwANjxqAAzESwAMohoACumAAAYqmgACAIlNYWNpbnRvc2ggSEQ6VXNlcnM6AG1hdHRpcmlzaDoARGVza3RvcDoAVGhpcyBTZW1lc3RlciBTdHVmZjoAQ0xJTUFURSA1MzEgYW5kIEFPU1MgNDk5IzM2M0M2QToATGl0IFJldmlldzoAUG9zc2libGUgSW1wYWN0cyBvZiMyMDExMzNDLnBkZgAADgD6AHwAUABvAHMAcwBpAGIAbABlACAASQBtAHAAYQBjAHQAcwAgAG8AZgAgAEMAbABpAG0AYQB0AGUAIABDAGgAYQBuAGcAZQAgAG8AbgAgAEYAcgBlAGUAegBpAG4AZwAgAFIAYQBpAG4AIABVAHMAaQBuAGcAIABEAG8AdwBuAHMAYwBhAGwAZQBkACAARgB1AHQAdQByAGUAIABDAGwAaQBtAGEAdABlACAAUwBjAGUAbgBhAHIAaQBvAHMAIABVAHAAZABhAHQAZQBkACAAZgBvAHIAIABFAGEAcwB0AGUAcgBuACAAQwBhAG4AYQBkAGEALgBwAGQAZgAPABoADABNAGEAYwBpAG4AdABvAHMAaAAgAEgARAASAO9Vc2Vycy9tYXR0aXJpc2gvRGVza3RvcC9UaGlzIFNlbWVzdGVyIFN0dWZmL0NMSU1BVEUgNTMxIGFuZCBBT1NTIDQ5OSAtIEZaUk4gcHJvamVjdCB3aXRoIENsaW1hdGUgQ2VudGVyL0xpdCBSZXZpZXcvUG9zc2libGUgSW1wYWN0cyBvZiBDbGltYXRlIENoYW5nZSBvbiBGcmVlemluZyBSYWluIFVzaW5nIERvd25zY2FsZWQgRnV0dXJlIENsaW1hdGUgU2NlbmFyaW9zIFVwZGF0ZWQgZm9yIEVhc3Rlcm4gQ2FuYWRhLnBkZgAAEwABLwAAFQACABD//wAAgAbSGxwdHlokY2xhc3NuYW1lWCRjbGFzc2VzXU5TTXV0YWJsZURhdGGjHR8gVk5TRGF0YVhOU09iamVjdNIbHCIjXE5TRGljdGlvbmFyeaIiIF8QD05TS2V5ZWRBcmNoaXZlctEmJ1Ryb290gAEACAARABoAIwAtADIANwBAAEYATQBVAGAAZwBqAGwAbgBxAHMAdQB3AIQAjgENARIBGgSkBKYEqwS2BL8EzQTRBNgE4QTmBPME9gUIBQsFEAAAAAAAAAIBAAAAAAAAACgAAAAAAAAAAAAAAAAAAAUS}}

@article{cortinas2000climatology,
	Author = {Cortinas Jr, John},
	Date-Added = {2017-04-11 02:06:05 +0000},
	Date-Modified = {2017-04-11 02:06:05 +0000},
	Journal = {Monthly weather review},
	Number = {10},
	Pages = {3574--3588},
	Title = {A climatology of freezing rain in the Great Lakes region of North America},
	Volume = {128},
	Year = {2000},
	Bdsk-File-1 = {YnBsaXN0MDDUAQIDBAUGJCVYJHZlcnNpb25YJG9iamVjdHNZJGFyY2hpdmVyVCR0b3ASAAGGoKgHCBMUFRYaIVUkbnVsbNMJCgsMDxJXTlMua2V5c1pOUy5vYmplY3RzViRjbGFzc6INDoACgAOiEBGABIAFgAdccmVsYXRpdmVQYXRoWWFsaWFzRGF0YV8QEUNvcnRpbmFzXzIwMDAucGRm0hcLGBlXTlMuZGF0YU8RAjYAAAAAAjYAAgAADE1hY2ludG9zaCBIRAAAAAAAAAAAAAAAAAAAANJIa6FIKwAAAcbQrBFDb3J0aW5hc18yMDAwLnBkZgAAAAAAAAAAAAAAAAAAAAAAAAAAAAAAAAAAAAAAAAAAAAAAAAAAAAAAAAAAAAACAVJt1LEX+lBERiBDQVJPAAEAAgAACSAAAAAAAAAAAAAAAAAAAAAKTGl0IFJldmlldwAQAAgAANJIo+EAAAARAAgAANSxXkoAAAABABgBxtCsADY8agAMxEsADKIaAArpgAAGKpoAAgB7TWFjaW50b3NoIEhEOlVzZXJzOgBtYXR0aXJpc2g6AERlc2t0b3A6AFRoaXMgU2VtZXN0ZXIgU3R1ZmY6AENMSU1BVEUgNTMxIGFuZCBBT1NTIDQ5OSMzNjNDNkE6AExpdCBSZXZpZXc6AENvcnRpbmFzXzIwMDAucGRmAAAOACQAEQBDAG8AcgB0AGkAbgBhAHMAXwAyADAAMAAwAC4AcABkAGYADwAaAAwATQBhAGMAaQBuAHQAbwBzAGgAIABIAEQAEgCEVXNlcnMvbWF0dGlyaXNoL0Rlc2t0b3AvVGhpcyBTZW1lc3RlciBTdHVmZi9DTElNQVRFIDUzMSBhbmQgQU9TUyA0OTkgLSBGWlJOIHByb2plY3Qgd2l0aCBDbGltYXRlIENlbnRlci9MaXQgUmV2aWV3L0NvcnRpbmFzXzIwMDAucGRmABMAAS8AABUAAgAQ//8AAIAG0hscHR5aJGNsYXNzbmFtZVgkY2xhc3Nlc11OU011dGFibGVEYXRhox0fIFZOU0RhdGFYTlNPYmplY3TSGxwiI1xOU0RpY3Rpb25hcnmiIiBfEA9OU0tleWVkQXJjaGl2ZXLRJidUcm9vdIABAAgAEQAaACMALQAyADcAQABGAE0AVQBgAGcAagBsAG4AcQBzAHUAdwCEAI4AogCnAK8C6QLrAvAC+wMEAxIDFgMdAyYDKwM4AzsDTQNQA1UAAAAAAAACAQAAAAAAAAAoAAAAAAAAAAAAAAAAAAADVw==}}

@article{nam2016climate,
	Author = {Nam, Won-Ho and Hong, Eun-Mi and Baigorria, Guillermo A},
	Date-Added = {2017-04-11 02:05:13 +0000},
	Date-Modified = {2017-04-11 02:05:13 +0000},
	Journal = {International Journal of Climatology},
	Number = {2},
	Pages = {722--734},
	Publisher = {Wiley Online Library},
	Title = {How climate change has affected the spatio-temporal patterns of precipitation and temperature at various time scales in North Korea},
	Volume = {36},
	Year = {2016},
	Bdsk-File-1 = {YnBsaXN0MDDUAQIDBAUGJCVYJHZlcnNpb25YJG9iamVjdHNZJGFyY2hpdmVyVCR0b3ASAAGGoKgHCBMUFRYaIVUkbnVsbNMJCgsMDxJXTlMua2V5c1pOUy5vYmplY3RzViRjbGFzc6INDoACgAOiEBGABIAFgAdccmVsYXRpdmVQYXRoWWFsaWFzRGF0YV8QTkV4YW1wbGUgU3R1ZHkgbG9va2luZyBhdCBzcGF0aW8tdGVtcG9yYWwgdHJlbmRzIGluIHRlbXAsIHByZWNpcCBpbiBTIEtvcmVhLnBkZtIXCxgZV05TLmRhdGFPEQL8AAAAAAL8AAIAAAxNYWNpbnRvc2ggSEQAAAAAAAAAAAAAAAAAAADSSGuhSCsAAAHG0KwfRXhhbXBsZSBTdHVkeSBsb29raSMyMDYzNjQ5LnBkZgAAAAAAAAAAAAAAAAAAAAAAAAAAAAAAAAAAAAAAAAAAAgY2SdS88EYAAAAAAAAAAAABAAIAAAkgAAAAAAAAAAAAAAAAAAAACkxpdCBSZXZpZXcAEAAIAADSSKPhAAAAEQAIAADUvTaWAAAAAQAYAcbQrAA2PGoADMRLAAyiGgAK6YAABiqaAAIAiU1hY2ludG9zaCBIRDpVc2VyczoAbWF0dGlyaXNoOgBEZXNrdG9wOgBUaGlzIFNlbWVzdGVyIFN0dWZmOgBDTElNQVRFIDUzMSBhbmQgQU9TUyA0OTkjMzYzQzZBOgBMaXQgUmV2aWV3OgBFeGFtcGxlIFN0dWR5IGxvb2tpIzIwNjM2NDkucGRmAAAOAJ4ATgBFAHgAYQBtAHAAbABlACAAUwB0AHUAZAB5ACAAbABvAG8AawBpAG4AZwAgAGEAdAAgAHMAcABhAHQAaQBvAC0AdABlAG0AcABvAHIAYQBsACAAdAByAGUAbgBkAHMAIABpAG4AIAB0AGUAbQBwACwAIABwAHIAZQBjAGkAcAAgAGkAbgAgAFMAIABLAG8AcgBlAGEALgBwAGQAZgAPABoADABNAGEAYwBpAG4AdABvAHMAaAAgAEgARAASAMFVc2Vycy9tYXR0aXJpc2gvRGVza3RvcC9UaGlzIFNlbWVzdGVyIFN0dWZmL0NMSU1BVEUgNTMxIGFuZCBBT1NTIDQ5OSAtIEZaUk4gcHJvamVjdCB3aXRoIENsaW1hdGUgQ2VudGVyL0xpdCBSZXZpZXcvRXhhbXBsZSBTdHVkeSBsb29raW5nIGF0IHNwYXRpby10ZW1wb3JhbCB0cmVuZHMgaW4gdGVtcCwgcHJlY2lwIGluIFMgS29yZWEucGRmAAATAAEvAAAVAAIAEP//AACABtIbHB0eWiRjbGFzc25hbWVYJGNsYXNzZXNdTlNNdXRhYmxlRGF0YaMdHyBWTlNEYXRhWE5TT2JqZWN00hscIiNcTlNEaWN0aW9uYXJ5oiIgXxAPTlNLZXllZEFyY2hpdmVy0SYnVHJvb3SAAQAIABEAGgAjAC0AMgA3AEAARgBNAFUAYABnAGoAbABuAHEAcwB1AHcAhACOAN8A5ADsA+wD7gPzA/4EBwQVBBkEIAQpBC4EOwQ+BFAEUwRYAAAAAAAAAgEAAAAAAAAAKAAAAAAAAAAAAAAAAAAABFo=}}

@article{groisman2016recent,
	Author = {Groisman, Pavel Ya and Bulygina, Olga N and Yin, Xungang and Vose, Russell S and Gulev, Sergey K and Hanssen-Bauer, Inger and F{\o}rland, Eirik},
	Date-Added = {2017-04-11 02:04:15 +0000},
	Date-Modified = {2017-04-11 02:04:15 +0000},
	Journal = {Environmental Research Letters},
	Number = {4},
	Pages = {045007},
	Publisher = {IOP Publishing},
	Title = {Recent changes in the frequency of freezing precipitation in North America and Northern Eurasia},
	Volume = {11},
	Year = {2016},
	Bdsk-File-1 = {YnBsaXN0MDDUAQIDBAUGJCVYJHZlcnNpb25YJG9iamVjdHNZJGFyY2hpdmVyVCR0b3ASAAGGoKgHCBMUFRYaIVUkbnVsbNMJCgsMDxJXTlMua2V5c1pOUy5vYmplY3RzViRjbGFzc6INDoACgAOiEBGABIAFgAdccmVsYXRpdmVQYXRoWWFsaWFzRGF0YV8QMVRIRSBTVFVEWSBUSEFUIEJFQVQgVVMgT1VUIC0gRlpSQSBUcmVuZHMgMjAxNi5wZGbSFwsYGVdOUy5kYXRhTxECpAAAAAACpAACAAAMTWFjaW50b3NoIEhEAAAAAAAAAAAAAAAAAAAA0khroUgrAAABxtCsH1RIRSBTVFVEWSBUSEFUIEJFQVQjMjA2M0FCQy5wZGYAAAAAAAAAAAAAAAAAAAAAAAAAAAAAAAAAAAAAAAAAAAIGOrzUvPmVAAAAAAAAAAAAAQACAAAJIAAAAAAAAAAAAAAAAAAAAApMaXQgUmV2aWV3ABAACAAA0kij4QAAABEACAAA1L0/5QAAAAEAGAHG0KwANjxqAAzESwAMohoACumAAAYqmgACAIlNYWNpbnRvc2ggSEQ6VXNlcnM6AG1hdHRpcmlzaDoARGVza3RvcDoAVGhpcyBTZW1lc3RlciBTdHVmZjoAQ0xJTUFURSA1MzEgYW5kIEFPU1MgNDk5IzM2M0M2QToATGl0IFJldmlldzoAVEhFIFNUVURZIFRIQVQgQkVBVCMyMDYzQUJDLnBkZgAADgBkADEAVABIAEUAIABTAFQAVQBEAFkAIABUAEgAQQBUACAAQgBFAEEAVAAgAFUAUwAgAE8AVQBUACAALQAgAEYAWgBSAEEAIABUAHIAZQBuAGQAcwAgADIAMAAxADYALgBwAGQAZgAPABoADABNAGEAYwBpAG4AdABvAHMAaAAgAEgARAASAKRVc2Vycy9tYXR0aXJpc2gvRGVza3RvcC9UaGlzIFNlbWVzdGVyIFN0dWZmL0NMSU1BVEUgNTMxIGFuZCBBT1NTIDQ5OSAtIEZaUk4gcHJvamVjdCB3aXRoIENsaW1hdGUgQ2VudGVyL0xpdCBSZXZpZXcvVEhFIFNUVURZIFRIQVQgQkVBVCBVUyBPVVQgLSBGWlJBIFRyZW5kcyAyMDE2LnBkZgATAAEvAAAVAAIAEP//AACABtIbHB0eWiRjbGFzc25hbWVYJGNsYXNzZXNdTlNNdXRhYmxlRGF0YaMdHyBWTlNEYXRhWE5TT2JqZWN00hscIiNcTlNEaWN0aW9uYXJ5oiIgXxAPTlNLZXllZEFyY2hpdmVy0SYnVHJvb3SAAQAIABEAGgAjAC0AMgA3AEAARgBNAFUAYABnAGoAbABuAHEAcwB1AHcAhACOAMIAxwDPA3cDeQN+A4kDkgOgA6QDqwO0A7kDxgPJA9sD3gPjAAAAAAAAAgEAAAAAAAAAKAAAAAAAAAAAAAAAAAAAA+U=}}

@article{gay1993freezing,
	Author = {Gay, David A and Davis, Robert E},
	Date-Added = {2017-04-11 02:03:53 +0000},
	Date-Modified = {2017-04-11 02:03:53 +0000},
	Journal = {Climate Res},
	Pages = {209--220},
	Title = {Freezing rain and sleet climatology of the southeastern USA},
	Volume = {3},
	Year = {1993},
	Bdsk-File-1 = {YnBsaXN0MDDUAQIDBAUGJCVYJHZlcnNpb25YJG9iamVjdHNZJGFyY2hpdmVyVCR0b3ASAAGGoKgHCBMUFRYaIVUkbnVsbNMJCgsMDxJXTlMua2V5c1pOUy5vYmplY3RzViRjbGFzc6INDoACgAOiEBGABIAFgAdccmVsYXRpdmVQYXRoWWFsaWFzRGF0YV8QMkZaUkEgYW5kIFNsZWV0IENsaW1hdG9sb2d5IG9mIHRoZSBTb3V0aGVhc3QgVVMucGRm0hcLGBlXTlMuZGF0YU8RAqgAAAAAAqgAAgAADE1hY2ludG9zaCBIRAAAAAAAAAAAAAAAAAAAANJIa6FIKwAAAcbQrB9GWlJBIGFuZCBTbGVldCBDbGltIzIwNjc3MDMucGRmAAAAAAAAAAAAAAAAAAAAAAAAAAAAAAAAAAAAAAAAAAACBncD1L9EIwAAAAAAAAAAAAEAAgAACSAAAAAAAAAAAAAAAAAAAAAKTGl0IFJldmlldwAQAAgAANJIo+EAAAARAAgAANS/inMAAAABABgBxtCsADY8agAMxEsADKIaAArpgAAGKpoAAgCJTWFjaW50b3NoIEhEOlVzZXJzOgBtYXR0aXJpc2g6AERlc2t0b3A6AFRoaXMgU2VtZXN0ZXIgU3R1ZmY6AENMSU1BVEUgNTMxIGFuZCBBT1NTIDQ5OSMzNjNDNkE6AExpdCBSZXZpZXc6AEZaUkEgYW5kIFNsZWV0IENsaW0jMjA2NzcwMy5wZGYAAA4AZgAyAEYAWgBSAEEAIABhAG4AZAAgAFMAbABlAGUAdAAgAEMAbABpAG0AYQB0AG8AbABvAGcAeQAgAG8AZgAgAHQAaABlACAAUwBvAHUAdABoAGUAYQBzAHQAIABVAFMALgBwAGQAZgAPABoADABNAGEAYwBpAG4AdABvAHMAaAAgAEgARAASAKVVc2Vycy9tYXR0aXJpc2gvRGVza3RvcC9UaGlzIFNlbWVzdGVyIFN0dWZmL0NMSU1BVEUgNTMxIGFuZCBBT1NTIDQ5OSAtIEZaUk4gcHJvamVjdCB3aXRoIENsaW1hdGUgQ2VudGVyL0xpdCBSZXZpZXcvRlpSQSBhbmQgU2xlZXQgQ2xpbWF0b2xvZ3kgb2YgdGhlIFNvdXRoZWFzdCBVUy5wZGYAABMAAS8AABUAAgAQ//8AAIAG0hscHR5aJGNsYXNzbmFtZVgkY2xhc3Nlc11OU011dGFibGVEYXRhox0fIFZOU0RhdGFYTlNPYmplY3TSGxwiI1xOU0RpY3Rpb25hcnmiIiBfEA9OU0tleWVkQXJjaGl2ZXLRJidUcm9vdIABAAgAEQAaACMALQAyADcAQABGAE0AVQBgAGcAagBsAG4AcQBzAHUAdwCEAI4AwwDIANADfAN+A4MDjgOXA6UDqQOwA7kDvgPLA84D4APjA+gAAAAAAAACAQAAAAAAAAAoAAAAAAAAAAAAAAAAAAAD6g==}}

@article{kamarainen2017method,
	Author = {K{\"a}m{\"a}r{\"a}inen, Matti and Hyv{\"a}rinen, Otto and Jylh{\"a}, Kirsti and Vajda, Andrea and Neiglick, Simo and Nuottokari, Jaakko and Gregow, Hilppa},
	Date-Added = {2017-04-11 02:03:26 +0000},
	Date-Modified = {2017-04-11 02:03:26 +0000},
	Journal = {Natural Hazards and Earth System Sciences},
	Number = {2},
	Pages = {243},
	Publisher = {Copernicus GmbH},
	Title = {A method to estimate freezing rain climatology from ERA-Interim reanalysis over Europe},
	Volume = {17},
	Year = {2017},
	Bdsk-File-1 = {YnBsaXN0MDDUAQIDBAUGJCVYJHZlcnNpb25YJG9iamVjdHNZJGFyY2hpdmVyVCR0b3ASAAGGoKgHCBMUFRYaIVUkbnVsbNMJCgsMDxJXTlMua2V5c1pOUy5vYmplY3RzViRjbGFzc6INDoACgAOiEBGABIAFgAdccmVsYXRpdmVQYXRoWWFsaWFzRGF0YV8QOlVzaW5nIFJlYW5hbHlzaXMgdG8gRGV0ZWN0IEZaUkEgUGFwZXIgLSBLYW1haGFpYWlhYWlhaS5wZGbSFwsYGVdOUy5kYXRhTxECwAAAAAACwAACAAAMTWFjaW50b3NoIEhEAAAAAAAAAAAAAAAAAAAA0khroUgrAAABxtCsH1VzaW5nIFJlYW5hbHlzaXMgdG8jMjBENTY2NC5wZGYAAAAAAAAAAAAAAAAAAAAAAAAAAAAAAAAAAAAAAAAAAAINVmTU5eHCAAAAAAAAAAAAAQACAAAJIAAAAAAAAAAAAAAAAAAAAApMaXQgUmV2aWV3ABAACAAA0kij4QAAABEACAAA1OYoEgAAAAEAGAHG0KwANjxqAAzESwAMohoACumAAAYqmgACAIlNYWNpbnRvc2ggSEQ6VXNlcnM6AG1hdHRpcmlzaDoARGVza3RvcDoAVGhpcyBTZW1lc3RlciBTdHVmZjoAQ0xJTUFURSA1MzEgYW5kIEFPU1MgNDk5IzM2M0M2QToATGl0IFJldmlldzoAVXNpbmcgUmVhbmFseXNpcyB0byMyMEQ1NjY0LnBkZgAADgB2ADoAVQBzAGkAbgBnACAAUgBlAGEAbgBhAGwAeQBzAGkAcwAgAHQAbwAgAEQAZQB0AGUAYwB0ACAARgBaAFIAQQAgAFAAYQBwAGUAcgAgAC0AIABLAGEAbQBhAGgAYQBpAGEAaQBhAGEAaQBhAGkALgBwAGQAZgAPABoADABNAGEAYwBpAG4AdABvAHMAaAAgAEgARAASAK1Vc2Vycy9tYXR0aXJpc2gvRGVza3RvcC9UaGlzIFNlbWVzdGVyIFN0dWZmL0NMSU1BVEUgNTMxIGFuZCBBT1NTIDQ5OSAtIEZaUk4gcHJvamVjdCB3aXRoIENsaW1hdGUgQ2VudGVyL0xpdCBSZXZpZXcvVXNpbmcgUmVhbmFseXNpcyB0byBEZXRlY3QgRlpSQSBQYXBlciAtIEthbWFoYWlhaWFhaWFpLnBkZgAAEwABLwAAFQACABD//wAAgAbSGxwdHlokY2xhc3NuYW1lWCRjbGFzc2VzXU5TTXV0YWJsZURhdGGjHR8gVk5TRGF0YVhOU09iamVjdNIbHCIjXE5TRGljdGlvbmFyeaIiIF8QD05TS2V5ZWRBcmNoaXZlctEmJ1Ryb290gAEACAARABoAIwAtADIANwBAAEYATQBVAGAAZwBqAGwAbgBxAHMAdQB3AIQAjgDLANAA2AOcA54DowOuA7cDxQPJA9AD2QPeA+sD7gQABAMECAAAAAAAAAIBAAAAAAAAACgAAAAAAAAAAAAAAAAAAAQK}}

@article{rauber2001synoptic,
	Author = {Rauber, Robert M and Olthoff, Larry S and Ramamurthy, Mohan K and Miller, Dianne and Kunkel, Kenneth E},
	Date-Added = {2017-04-11 02:02:41 +0000},
	Date-Modified = {2017-04-11 02:02:41 +0000},
	Journal = {Journal of Applied Meteorology},
	Number = {10},
	Pages = {1724--1747},
	Title = {A synoptic weather pattern and sounding-based climatology of freezing precipitation in the United States east of the Rocky Mountains},
	Volume = {40},
	Year = {2001},
	Bdsk-File-1 = {YnBsaXN0MDDUAQIDBAUGJCVYJHZlcnNpb25YJG9iamVjdHNZJGFyY2hpdmVyVCR0b3ASAAGGoKgHCBMUFRYaIVUkbnVsbNMJCgsMDxJXTlMua2V5c1pOUy5vYmplY3RzViRjbGFzc6INDoACgAOiEBGABIAFgAdccmVsYXRpdmVQYXRoWWFsaWFzRGF0YV8QFVJhdWJlciBldCBhbCAyMDAxLnBkZtIXCxgZV05TLmRhdGFPEQJGAAAAAAJGAAIAAAxNYWNpbnRvc2ggSEQAAAAAAAAAAAAAAAAAAADSSGuhSCsAAAHG0KwVUmF1YmVyIGV0IGFsIDIwMDEucGRmAAAAAAAAAAAAAAAAAAAAAAAAAAAAAAAAAAAAAAAAAAAAAAAAAAAAAAAAAg9YktTzOUwAAAAAAAAAAAABAAIAAAkgAAAAAAAAAAAAAAAAAAAACkxpdCBSZXZpZXcAEAAIAADSSKPhAAAAEQAIAADU83GMAAAAAQAYAcbQrAA2PGoADMRLAAyiGgAK6YAABiqaAAIAf01hY2ludG9zaCBIRDpVc2VyczoAbWF0dGlyaXNoOgBEZXNrdG9wOgBUaGlzIFNlbWVzdGVyIFN0dWZmOgBDTElNQVRFIDUzMSBhbmQgQU9TUyA0OTkjMzYzQzZBOgBMaXQgUmV2aWV3OgBSYXViZXIgZXQgYWwgMjAwMS5wZGYAAA4ALAAVAFIAYQB1AGIAZQByACAAZQB0ACAAYQBsACAAMgAwADAAMQAuAHAAZABmAA8AGgAMAE0AYQBjAGkAbgB0AG8AcwBoACAASABEABIAiFVzZXJzL21hdHRpcmlzaC9EZXNrdG9wL1RoaXMgU2VtZXN0ZXIgU3R1ZmYvQ0xJTUFURSA1MzEgYW5kIEFPU1MgNDk5IC0gRlpSTiBwcm9qZWN0IHdpdGggQ2xpbWF0ZSBDZW50ZXIvTGl0IFJldmlldy9SYXViZXIgZXQgYWwgMjAwMS5wZGYAEwABLwAAFQACABD//wAAgAbSGxwdHlokY2xhc3NuYW1lWCRjbGFzc2VzXU5TTXV0YWJsZURhdGGjHR8gVk5TRGF0YVhOU09iamVjdNIbHCIjXE5TRGljdGlvbmFyeaIiIF8QD05TS2V5ZWRBcmNoaXZlctEmJ1Ryb290gAEACAARABoAIwAtADIANwBAAEYATQBVAGAAZwBqAGwAbgBxAHMAdQB3AIQAjgCmAKsAswL9Av8DBAMPAxgDJgMqAzEDOgM/A0wDTwNhA2QDaQAAAAAAAAIBAAAAAAAAACgAAAAAAAAAAAAAAAAAAANr}}

@article{erfani2012automated,
	Author = {Erfani, Reza and Chouinard, Luc},
	Date-Added = {2017-04-11 02:01:56 +0000},
	Date-Modified = {2017-04-11 02:01:56 +0000},
	Journal = {Atmospheric Research},
	Pages = {58--70},
	Publisher = {Elsevier},
	Title = {Automated synoptic typing of freezing rain events for hazard analysis},
	Volume = {111},
	Year = {2012},
	Bdsk-File-1 = {YnBsaXN0MDDUAQIDBAUGJCVYJHZlcnNpb25YJG9iamVjdHNZJGFyY2hpdmVyVCR0b3ASAAGGoKgHCBMUFRYaIVUkbnVsbNMJCgsMDxJXTlMua2V5c1pOUy5vYmplY3RzViRjbGFzc6INDoACgAOiEBGABIAFgAdccmVsYXRpdmVQYXRoWWFsaWFzRGF0YV8QM0VyZmFuaSAyMDEyIC0gQXV0b21hdGVkIFN5bm9wdGljIFR5cGluZyBvZiBGWlJBLnBkZtIXCxgZV05TLmRhdGFPEQKqAAAAAAKqAAIAAAxNYWNpbnRvc2ggSEQAAAAAAAAAAAAAAAAAAADSSGuhSCsAAAHG0KwfRXJmYW5pIDIwMTIgLSBBdXRvbSMyMjBDOEYyLnBkZgAAAAAAAAAAAAAAAAAAAAAAAAAAAAAAAAAAAAAAAAAAAiDI8tURoxcAAAAAAAAAAAABAAIAAAkgAAAAAAAAAAAAAAAAAAAACkxpdCBSZXZpZXcAEAAIAADSSKPhAAAAEQAIAADVEdtXAAAAAQAYAcbQrAA2PGoADMRLAAyiGgAK6YAABiqaAAIAiU1hY2ludG9zaCBIRDpVc2VyczoAbWF0dGlyaXNoOgBEZXNrdG9wOgBUaGlzIFNlbWVzdGVyIFN0dWZmOgBDTElNQVRFIDUzMSBhbmQgQU9TUyA0OTkjMzYzQzZBOgBMaXQgUmV2aWV3OgBFcmZhbmkgMjAxMiAtIEF1dG9tIzIyMEM4RjIucGRmAAAOAGgAMwBFAHIAZgBhAG4AaQAgADIAMAAxADIAIAAtACAAQQB1AHQAbwBtAGEAdABlAGQAIABTAHkAbgBvAHAAdABpAGMAIABUAHkAcABpAG4AZwAgAG8AZgAgAEYAWgBSAEEALgBwAGQAZgAPABoADABNAGEAYwBpAG4AdABvAHMAaAAgAEgARAASAKZVc2Vycy9tYXR0aXJpc2gvRGVza3RvcC9UaGlzIFNlbWVzdGVyIFN0dWZmL0NMSU1BVEUgNTMxIGFuZCBBT1NTIDQ5OSAtIEZaUk4gcHJvamVjdCB3aXRoIENsaW1hdGUgQ2VudGVyL0xpdCBSZXZpZXcvRXJmYW5pIDIwMTIgLSBBdXRvbWF0ZWQgU3lub3B0aWMgVHlwaW5nIG9mIEZaUkEucGRmABMAAS8AABUAAgAQ//8AAIAG0hscHR5aJGNsYXNzbmFtZVgkY2xhc3Nlc11OU011dGFibGVEYXRhox0fIFZOU0RhdGFYTlNPYmplY3TSGxwiI1xOU0RpY3Rpb25hcnmiIiBfEA9OU0tleWVkQXJjaGl2ZXLRJidUcm9vdIABAAgAEQAaACMALQAyADcAQABGAE0AVQBgAGcAagBsAG4AcQBzAHUAdwCEAI4AxADJANEDfwOBA4YDkQOaA6gDrAOzA7wDwQPOA9ED4wPmA+sAAAAAAAACAQAAAAAAAAAoAAAAAAAAAAAAAAAAAAAD7Q==}}

@article{chang2016northern,
	Author = {Chang, Edmund KM and Yau, Albert MW},
	Date-Added = {2017-04-11 01:51:36 +0000},
	Date-Modified = {2017-04-11 01:51:36 +0000},
	Journal = {Climate Dynamics},
	Number = {5-6},
	Pages = {1435--1454},
	Publisher = {Springer},
	Title = {Northern Hemisphere winter storm track trends since 1959 derived from multiple reanalysis datasets},
	Volume = {47},
	Year = {2016},
	Bdsk-File-1 = {YnBsaXN0MDDUAQIDBAUGJCVYJHZlcnNpb25YJG9iamVjdHNZJGFyY2hpdmVyVCR0b3ASAAGGoKgHCBMUFRYaIVUkbnVsbNMJCgsMDxJXTlMua2V5c1pOUy5vYmplY3RzViRjbGFzc6INDoACgAOiEBGABIAFgAdccmVsYXRpdmVQYXRoWWFsaWFzRGF0YV8QJkNoYW5nIDIwMTUgLSBDaGFuZ2luZyBTdG9ybSBUcmFja3MucGRm0hcLGBlXTlMuZGF0YU8RAoQAAAAAAoQAAgAADE1hY2ludG9zaCBIRAAAAAAAAAAAAAAAAAAAANJIa6FIKwAAAcbQrB9DaGFuZyAyMDE1IC0gQ2hhbmdpIzIyMENBQkEucGRmAAAAAAAAAAAAAAAAAAAAAAAAAAAAAAAAAAAAAAAAAAACIMq61RGuZwAAAAAAAAAAAAEAAgAACSAAAAAAAAAAAAAAAAAAAAAKTGl0IFJldmlldwAQAAgAANJIo+EAAAARAAgAANUR5qcAAAABABgBxtCsADY8agAMxEsADKIaAArpgAAGKpoAAgCJTWFjaW50b3NoIEhEOlVzZXJzOgBtYXR0aXJpc2g6AERlc2t0b3A6AFRoaXMgU2VtZXN0ZXIgU3R1ZmY6AENMSU1BVEUgNTMxIGFuZCBBT1NTIDQ5OSMzNjNDNkE6AExpdCBSZXZpZXc6AENoYW5nIDIwMTUgLSBDaGFuZ2kjMjIwQ0FCQS5wZGYAAA4ATgAmAEMAaABhAG4AZwAgADIAMAAxADUAIAAtACAAQwBoAGEAbgBnAGkAbgBnACAAUwB0AG8AcgBtACAAVAByAGEAYwBrAHMALgBwAGQAZgAPABoADABNAGEAYwBpAG4AdABvAHMAaAAgAEgARAASAJlVc2Vycy9tYXR0aXJpc2gvRGVza3RvcC9UaGlzIFNlbWVzdGVyIFN0dWZmL0NMSU1BVEUgNTMxIGFuZCBBT1NTIDQ5OSAtIEZaUk4gcHJvamVjdCB3aXRoIENsaW1hdGUgQ2VudGVyL0xpdCBSZXZpZXcvQ2hhbmcgMjAxNSAtIENoYW5naW5nIFN0b3JtIFRyYWNrcy5wZGYAABMAAS8AABUAAgAQ//8AAIAG0hscHR5aJGNsYXNzbmFtZVgkY2xhc3Nlc11OU011dGFibGVEYXRhox0fIFZOU0RhdGFYTlNPYmplY3TSGxwiI1xOU0RpY3Rpb25hcnmiIiBfEA9OU0tleWVkQXJjaGl2ZXLRJidUcm9vdIABAAgAEQAaACMALQAyADcAQABGAE0AVQBgAGcAagBsAG4AcQBzAHUAdwCEAI4AtwC8AMQDTANOA1MDXgNnA3UDeQOAA4kDjgObA54DsAOzA7gAAAAAAAACAQAAAAAAAAAoAAAAAAAAAAAAAAAAAAADug==}}

@article{westra2013global,
	Annote = {Mann-Kendall - great description
Useful for global precip trends
Discusses spatial correlation and such
},
	Author = {Westra, Seth and Alexander, Lisa V and Zwiers, Francis W},
	Date-Added = {2017-03-20 04:23:16 +0000},
	Date-Modified = {2017-03-20 18:25:11 +0000},
	Journal = {Journal of Climate},
	Number = {11},
	Pages = {3904--3918},
	Title = {Global increasing trends in annual maximum daily precipitation},
	Volume = {26},
	Year = {2013},
	Bdsk-File-1 = {YnBsaXN0MDDUAQIDBAUGJCVYJHZlcnNpb25YJG9iamVjdHNZJGFyY2hpdmVyVCR0b3ASAAGGoKgHCBMUFRYaIVUkbnVsbNMJCgsMDxJXTlMua2V5c1pOUy5vYmplY3RzViRjbGFzc6INDoACgAOiEBGABIAFgAdccmVsYXRpdmVQYXRoWWFsaWFzRGF0YV8QR1dlc3RyYSAyMDEyIC0gR2xvYmFsIHByZWNpcCB0cmVuZHMgYW5kIE1hbm4tS2VuZGFsbCBUZXN0IGZvciB0cmVuZHMucGRm0hcLGBlXTlMuZGF0YU8RAuYAAAAAAuYAAgAADE1hY2ludG9zaCBIRAAAAAAAAAAAAAAAAAAAANJIa6FIKwAAAcbQrB9XZXN0cmEgMjAxMiAtIEdsb2JhIzIwRjg5NzUucGRmAAAAAAAAAAAAAAAAAAAAAAAAAAAAAAAAAAAAAAAAAAACD4l11PTQxQAAAAAAAAAAAAEAAgAACSAAAAAAAAAAAAAAAAAAAAAKTGl0IFJldmlldwAQAAgAANJIo+EAAAARAAgAANT1CQUAAAABABgBxtCsADY8agAMxEsADKIaAArpgAAGKpoAAgCJTWFjaW50b3NoIEhEOlVzZXJzOgBtYXR0aXJpc2g6AERlc2t0b3A6AFRoaXMgU2VtZXN0ZXIgU3R1ZmY6AENMSU1BVEUgNTMxIGFuZCBBT1NTIDQ5OSMzNjNDNkE6AExpdCBSZXZpZXc6AFdlc3RyYSAyMDEyIC0gR2xvYmEjMjBGODk3NS5wZGYAAA4AkABHAFcAZQBzAHQAcgBhACAAMgAwADEAMgAgAC0AIABHAGwAbwBiAGEAbAAgAHAAcgBlAGMAaQBwACAAdAByAGUAbgBkAHMAIABhAG4AZAAgAE0AYQBuAG4ALQBLAGUAbgBkAGEAbABsACAAVABlAHMAdAAgAGYAbwByACAAdAByAGUAbgBkAHMALgBwAGQAZgAPABoADABNAGEAYwBpAG4AdABvAHMAaAAgAEgARAASALpVc2Vycy9tYXR0aXJpc2gvRGVza3RvcC9UaGlzIFNlbWVzdGVyIFN0dWZmL0NMSU1BVEUgNTMxIGFuZCBBT1NTIDQ5OSAtIEZaUk4gcHJvamVjdCB3aXRoIENsaW1hdGUgQ2VudGVyL0xpdCBSZXZpZXcvV2VzdHJhIDIwMTIgLSBHbG9iYWwgcHJlY2lwIHRyZW5kcyBhbmQgTWFubi1LZW5kYWxsIFRlc3QgZm9yIHRyZW5kcy5wZGYAEwABLwAAFQACABD//wAAgAbSGxwdHlokY2xhc3NuYW1lWCRjbGFzc2VzXU5TTXV0YWJsZURhdGGjHR8gVk5TRGF0YVhOU09iamVjdNIbHCIjXE5TRGljdGlvbmFyeaIiIF8QD05TS2V5ZWRBcmNoaXZlctEmJ1Ryb290gAEACAARABoAIwAtADIANwBAAEYATQBVAGAAZwBqAGwAbgBxAHMAdQB3AIQAjgDYAN0A5QPPA9ED1gPhA+oD+AP8BAMEDAQRBB4EIQQzBDYEOwAAAAAAAAIBAAAAAAAAACgAAAAAAAAAAAAAAAAAAAQ9}}

@article{liston2011changing,
	Annote = {good example of a trends paper. I could model parts of this (like abstract, conclusion)},
	Author = {Liston, Glen E and Hiemstra, Christopher A},
	Date-Added = {2017-03-20 03:09:59 +0000},
	Date-Modified = {2017-03-20 03:23:51 +0000},
	Journal = {Journal of Climate},
	Number = {21},
	Pages = {5691--5712},
	Title = {The changing cryosphere: Pan-Arctic snow trends (1979--2009)},
	Volume = {24},
	Year = {2011},
	Bdsk-File-1 = {YnBsaXN0MDDUAQIDBAUGJCVYJHZlcnNpb25YJG9iamVjdHNZJGFyY2hpdmVyVCR0b3ASAAGGoKgHCBMUFRYaIVUkbnVsbNMJCgsMDxJXTlMua2V5c1pOUy5vYmplY3RzViRjbGFzc6INDoACgAOiEBGABIAFgAdccmVsYXRpdmVQYXRoWWFsaWFzRGF0YV8QJkxpc3RvbjIwMTEgLSBTbm93IHRyZW5kcyBpbiBBcmN0aWMucGRm0hcLGBlXTlMuZGF0YU8RAoQAAAAAAoQAAgAADE1hY2ludG9zaCBIRAAAAAAAAAAAAAAAAAAAANJIa6FIKwAAAcbQrB9MaXN0b24yMDExIC0gU25vdyB0IzIwRjg2MTYucGRmAAAAAAAAAAAAAAAAAAAAAAAAAAAAAAAAAAAAAAAAAAACD4YW1PTAyAAAAAAAAAAAAAEAAgAACSAAAAAAAAAAAAAAAAAAAAAKTGl0IFJldmlldwAQAAgAANJIo+EAAAARAAgAANT0+QgAAAABABgBxtCsADY8agAMxEsADKIaAArpgAAGKpoAAgCJTWFjaW50b3NoIEhEOlVzZXJzOgBtYXR0aXJpc2g6AERlc2t0b3A6AFRoaXMgU2VtZXN0ZXIgU3R1ZmY6AENMSU1BVEUgNTMxIGFuZCBBT1NTIDQ5OSMzNjNDNkE6AExpdCBSZXZpZXc6AExpc3RvbjIwMTEgLSBTbm93IHQjMjBGODYxNi5wZGYAAA4ATgAmAEwAaQBzAHQAbwBuADIAMAAxADEAIAAtACAAUwBuAG8AdwAgAHQAcgBlAG4AZABzACAAaQBuACAAQQByAGMAdABpAGMALgBwAGQAZgAPABoADABNAGEAYwBpAG4AdABvAHMAaAAgAEgARAASAJlVc2Vycy9tYXR0aXJpc2gvRGVza3RvcC9UaGlzIFNlbWVzdGVyIFN0dWZmL0NMSU1BVEUgNTMxIGFuZCBBT1NTIDQ5OSAtIEZaUk4gcHJvamVjdCB3aXRoIENsaW1hdGUgQ2VudGVyL0xpdCBSZXZpZXcvTGlzdG9uMjAxMSAtIFNub3cgdHJlbmRzIGluIEFyY3RpYy5wZGYAABMAAS8AABUAAgAQ//8AAIAG0hscHR5aJGNsYXNzbmFtZVgkY2xhc3Nlc11OU011dGFibGVEYXRhox0fIFZOU0RhdGFYTlNPYmplY3TSGxwiI1xOU0RpY3Rpb25hcnmiIiBfEA9OU0tleWVkQXJjaGl2ZXLRJidUcm9vdIABAAgAEQAaACMALQAyADcAQABGAE0AVQBgAGcAagBsAG4AcQBzAHUAdwCEAI4AtwC8AMQDTANOA1MDXgNnA3UDeQOAA4kDjgObA54DsAOzA7gAAAAAAAACAQAAAAAAAAAoAAAAAAAAAAAAAAAAAAADug==}}
    
    
@article{hasselmann1993optimal,
  title={Optimal fingerprints for the detection of time-dependent climate change},
  author={Hasselmann, Klaus},
  journal={Journal of Climate},
  volume={6},
  number={10},
  pages={1957--1971},
  year={1993}
}

@article{tattelman1973estimated,
  title={Estimated glaze ice and wind loads at the earth's surface for the contiguous United States},
  author={Tattelman, Paul and Gringorten, Irving I.},
  journal={Air Force surveys in geophysics},
  year={1973}
}


@article{smith2011integrated,
  title={The integrated surface database: recent developments and partnerships},
  author={Smith, Adam and Lott, Neal and Vose, Russ},
  journal={Bulletin of the American Meteorological Society},
  volume={92},
  number={6},
  pages={704--708},
  year={2011},
  publisher={American Meteorological Society}
}


@book{chandler2011statistical,
  title={Statistical methods for trend detection and analysis in the environmental sciences},
  author={Chandler, Richard and Scott, Marian},
  year={2011},
  publisher={John Wiley \& Sons}
}

@article{hirsch1984nonparametric,
  title={A nonparametric trend test for seasonal data with serial dependence},
  author={Hirsch, Robert M and Slack, James R},
  journal={Water Resources Research},
  volume={20},
  number={6},
  pages={727--732},
  year={1984},
  publisher={Wiley Online Library}
}

@book{kendall1955rank,
  author    = {M. G. Kendall}, 
  title     = {Rank Correlation Methods},
  publisher = {Hafner Publishing Co.},
  year      = 1955,
  edition    = 2,
  address   = {Oxford, England}
}

@article{mccabe2001trends,
  title={Trends in Northern Hemisphere surface cyclone frequency and intensity},
  author={McCabe, Gregory J and Clark, Martyn P and Serreze, Mark C},
  journal={Journal of Climate},
  volume={14},
  number={12},
  pages={2763--2768},
  year={2001}
}


@manual{asos1998,
	Date-Added = {2018-06-15 01:33:50 +0000},
	Date-Modified = {2018-06-15 01:37:43 +0000},
	Month = {March},
	Organization = {National Weather Service, Federal Aviation Administration, and Department of Defense},
	Title = {ASOS User's Guide},
	Year = {1998},
	Bdsk-File-1 = {YnBsaXN0MDDUAQIDBAUGJCVYJHZlcnNpb25YJG9iamVjdHNZJGFyY2hpdmVyVCR0b3ASAAGGoKgHCBMUFRYaIVUkbnVsbNMJCgsMDxJXTlMua2V5c1pOUy5vYmplY3RzViRjbGFzc6INDoACgAOiEBGABIAFgAdccmVsYXRpdmVQYXRoWWFsaWFzRGF0YV8QKS4uLy4uLy4uLy4uL0Rvd25sb2Fkcy9BU09TIFVzZXIgR3VpZGUucGRm0hcLGBlXTlMuZGF0YU8RAWQAAAAAAWQAAgAADE1hY2ludG9zaCBIRAAAAAAAAAAAAAAAAAAAAAAAAABCRAAB/////xNBU09TIFVzZXIgR3VpZGUucGRmAAAAAAAAAAAAAAAAAAAAAAAAAAAAAAAAAAAAAAAAAAAAAAAAAAAAAAAAAAD/////AAAAAAAAAAAAAAAAAAQAAgAACiBjdQAAAAAAAAAAAAAAAAAJRG93bmxvYWRzAAACAC8vOlVzZXJzOm1hdHRpcmlzaDpEb3dubG9hZHM6QVNPUyBVc2VyIEd1aWRlLnBkZgAADgAoABMAQQBTAE8AUwAgAFUAcwBlAHIAIABHAHUAaQBkAGUALgBwAGQAZgAPABoADABNAGEAYwBpAG4AdABvAHMAaAAgAEgARAASAC1Vc2Vycy9tYXR0aXJpc2gvRG93bmxvYWRzL0FTT1MgVXNlciBHdWlkZS5wZGYAABMAAS8AABUAAgAQ//8AAIAG0hscHR5aJGNsYXNzbmFtZVgkY2xhc3Nlc11OU011dGFibGVEYXRhox0fIFZOU0RhdGFYTlNPYmplY3TSGxwiI1xOU0RpY3Rpb25hcnmiIiBfEA9OU0tleWVkQXJjaGl2ZXLRJidUcm9vdIABAAgAEQAaACMALQAyADcAQABGAE0AVQBgAGcAagBsAG4AcQBzAHUAdwCEAI4AugC/AMcCLwIxAjYCQQJKAlgCXAJjAmwCcQJ+AoECkwKWApsAAAAAAAACAQAAAAAAAAAoAAAAAAAAAAAAAAAAAAACnQ==}}


@article{bendel1981review,
	Author = {Bendel, William B and Paton, Dawna},
	Date-Added = {2018-12-02 14:15:41 -0700},
	Date-Modified = {2018-12-02 14:15:41 -0700},
	Journal = {Journal of Applied Meteorology},
	Number = {12},
	Pages = {1445--1449},
	Title = {A review of the effect of ice storms on the power industry},
	Volume = {20},
	Year = {1981},
	Bdsk-File-1 = {YnBsaXN0MDDSAQIDBFxyZWxhdGl2ZVBhdGhZYWxpYXNEYXRhXxAzQmVuZGVsIDE5ODEgLSBBIHJldmlldyBvZiBlZmZlY3RzIG9mIGljZSBzdG9ybXMucGRmTxECpAAAAAACpAACAAAMTWFjaW50b3NoIEhEAAAAAAAAAAAAAAAAAAAAAAAAAEJEAAH/////H0JlbmRlbCAxOTgxIC0gQSByZSNGRkZGRkZGRi5wZGYAAAAAAAAAAAAAAAAAAAAAAAAAAAAAAAAAAAAAAAAAAP////8AAAAAAAAAAAAAAAAAAQACAAAKIGN1AAAAAAAAAAAAAAAAAApMaXQgUmV2aWV3AAIAry86VXNlcnM6bWF0dGlyaXNoOkRlc2t0b3A6U3R1ZmYgZnJvbSBDb2xsZWdlIENsYXNzZXM6Q0xJTUFURSA1MzEgYW5kIEFPU1MgNDk5IC0gRlpSTiBwcm9qZWN0IHdpdGggQ2xpbWF0ZSBDZW50ZXI6TGl0IFJldmlldzpCZW5kZWwgMTk4MSAtIEEgcmV2aWV3IG9mIGVmZmVjdHMgb2YgaWNlIHN0b3Jtcy5wZGYAAA4AaAAzAEIAZQBuAGQAZQBsACAAMQA5ADgAMQAgAC0AIABBACAAcgBlAHYAaQBlAHcAIABvAGYAIABlAGYAZgBlAGMAdABzACAAbwBmACAAaQBjAGUAIABzAHQAbwByAG0AcwAuAHAAZABmAA8AGgAMAE0AYQBjAGkAbgB0AG8AcwBoACAASABEABIArVVzZXJzL21hdHRpcmlzaC9EZXNrdG9wL1N0dWZmIGZyb20gQ29sbGVnZSBDbGFzc2VzL0NMSU1BVEUgNTMxIGFuZCBBT1NTIDQ5OSAtIEZaUk4gcHJvamVjdCB3aXRoIENsaW1hdGUgQ2VudGVyL0xpdCBSZXZpZXcvQmVuZGVsIDE5ODEgLSBBIHJldmlldyBvZiBlZmZlY3RzIG9mIGljZSBzdG9ybXMucGRmAAATAAEvAAAVAAIAEP//AAAACAANABoAJABaAAAAAAAAAgEAAAAAAAAABQAAAAAAAAAAAAAAAAAAAwI=}}


@article{mesinger2006north,
	Author = {Mesinger, Fedor and DiMego, Geoff and Kalnay, Eugenia and Mitchell, Kenneth and Shafran, Perry C and Ebisuzaki, Wesley and Jovi{\'c}, Du{\v{s}}an and Woollen, Jack and Rogers, Eric and Berbery, Ernesto H and others},
	Date-Added = {2018-12-02 15:21:57 -0700},
	Date-Modified = {2018-12-02 15:21:57 -0700},
	Journal = {Bulletin of the American Meteorological Society},
	Number = {3},
	Pages = {343--360},
	Publisher = {American Meteorological Society},
	Title = {North American regional reanalysis},
	Volume = {87},
	Year = {2006}}

@inproceedings{xie2010cpc,
  title={CPC unified gauge-based analysis of global daily precipitation},
  author={Xie, Pingping and Chen, M and Shi, W},
  booktitle={Preprints, 24th Conf. on Hydrology, Atlanta, GA, Amer. Meteor. Soc},
  volume={2},
  year={2010}
}

@article{xie2007gauge,
  title={A gauge-based analysis of daily precipitation over East Asia},
  author={Xie, Pingping and Chen, Mingyue and Yang, Song and Yatagai, Akiyo and Hayasaka, Tadahiro and Fukushima, Yoshihiro and Liu, Changming},
  journal={Journal of Hydrometeorology},
  volume={8},
  number={3},
  pages={607--626},
  year={2007}
}

@article{chen2008assessing,
  title={Assessing objective techniques for gauge-based analyses of global daily precipitation},
  author={Chen, Mingyue and Shi, Wei and Xie, Pingping and Silva, Viviane BS and Kousky, Vernon E and Wayne Higgins, R and Janowiak, John E},
  journal={Journal of Geophysical Research: Atmospheres},
  volume={113},
  number={D4},
  year={2008},
  publisher={Wiley Online Library}
}

@article{hauer2006trees,
  title={Trees and ice storms: The development of ice storm--resistant urban tree populations},
  author={Hauer, Richard J and Dawson, Jeffrey O and Werner, Les P},
  year={2006}
}

@inproceedings{american2013minimum,
  title={Minimum design loads for buildings and other structures},
  author={American Society of Civil Engineers and Structural Engineering Institute. Minimum Design Loads on Buildings and Other Structures Standards Committee},
  year={2013},
  organization={American Society of Civil Engineers}
}


@webpage{nwsglossary,
	Address = {1325 East West Highway},
	Date-Added = {2018-12-02 19:16:56 -0700},
	Date-Modified = {2018-12-02 19:34:14 -0700},
	Definition = {An ice storm is used to describe occasions when damaging accumulations of ice are expected during freezing rain situations. Significant accumulations of ice pull down trees and utility lines resulting in loss of power and communication. These accumulations of ice make walking and driving extremely dangerous. Significant ice accumulations are usually accumulations of ¼" or greater.},
	Organization = {U.S. National Weather Service},
	Title = {National Weather Service Glossary},
	Url = {https://forecast.weather.gov/glossary.php?word=ice%20storm},
	Word = {Ice Storm},
	Year = {2009}}


@article{mullens2017multialgorithm,
	Author = {Mullens, Esther D and McPherson, Renee},
	Date-Added = {2018-12-02 20:51:30 -0700},
	Date-Modified = {2018-12-02 20:51:30 -0700},
	Journal = {Journal of Applied Meteorology and Climatology},
	Number = {2},
	Pages = {495--517},
	Title = {A Multialgorithm Reanalysis-Based Freezing-Precipitation Dataset for Climate Studies in the South-Central United States},
	Volume = {56},
	Year = {2017},
	Bdsk-File-1 = {YnBsaXN0MDDSAQIDBFxyZWxhdGl2ZVBhdGhZYWxpYXNEYXRhXxAqTXVsbGVucyAyMDE3IC0gTW9kZWxpbmcgRlpSQSB3aXRoIE5BUlIucGRmTxECfgAAAAACfgACAAAMTWFjaW50b3NoIEhEAAAAAAAAAAAAAAAAAAAAAAAAAEJEAAH/////H011bGxlbnMgMjAxNyAtIE1vZCNGRkZGRkZGRi5wZGYAAAAAAAAAAAAAAAAAAAAAAAAAAAAAAAAAAAAAAAAAAP////8AAAAAAAAAAAAAAAAAAQACAAAKIGN1AAAAAAAAAAAAAAAAAApMaXQgUmV2aWV3AAIApi86VXNlcnM6bWF0dGlyaXNoOkRlc2t0b3A6U3R1ZmYgZnJvbSBDb2xsZWdlIENsYXNzZXM6Q0xJTUFURSA1MzEgYW5kIEFPU1MgNDk5IC0gRlpSTiBwcm9qZWN0IHdpdGggQ2xpbWF0ZSBDZW50ZXI6TGl0IFJldmlldzpNdWxsZW5zIDIwMTcgLSBNb2RlbGluZyBGWlJBIHdpdGggTkFSUi5wZGYADgBWACoATQB1AGwAbABlAG4AcwAgADIAMAAxADcAIAAtACAATQBvAGQAZQBsAGkAbgBnACAARgBaAFIAQQAgAHcAaQB0AGgAIABOAEEAUgBSAC4AcABkAGYADwAaAAwATQBhAGMAaQBuAHQAbwBzAGgAIABIAEQAEgCkVXNlcnMvbWF0dGlyaXNoL0Rlc2t0b3AvU3R1ZmYgZnJvbSBDb2xsZWdlIENsYXNzZXMvQ0xJTUFURSA1MzEgYW5kIEFPU1MgNDk5IC0gRlpSTiBwcm9qZWN0IHdpdGggQ2xpbWF0ZSBDZW50ZXIvTGl0IFJldmlldy9NdWxsZW5zIDIwMTcgLSBNb2RlbGluZyBGWlJBIHdpdGggTkFSUi5wZGYAEwABLwAAFQACABD//wAAAAgADQAaACQAUQAAAAAAAAIBAAAAAAAAAAUAAAAAAAAAAAAAAAAAAALT}}


@article{call2009assessment,
  title={An assessment of National Weather Service warning procedures for ice storms},
  author={Call, David A},
  journal={Weather and Forecasting},
  volume={24},
  number={1},
  pages={104--120},
  year={2009}
}


@article{huneault2005combined,
	Author = {Huneault, Maurice and Langheit, Christian and Caron, Josee},
	Date-Added = {2018-12-02 19:48:38 -0700},
	Date-Modified = {2018-12-02 19:48:38 -0700},
	Journal = {IEEE transactions on power delivery},
	Number = {2},
	Pages = {1611--1616},
	Publisher = {IEEE},
	Title = {Combined models for glaze ice accretion and de-icing of current-carrying electrical conductors},
	Volume = {20},
	Year = {2005}}

@inproceedings{ramsay1995status,
  title={Status of the ASOS freezing rain sensor. Preprints},
  author={Ramsay, AC and Laster, ME},
  booktitle={Sixth Conf. on Aviation Weather Systems},
  pages={460--465},
  year={1995}
}

@article{lott2006tracking,
  title={Tracking and Evaluating US Billion Dollar Weather Disasters, 1980-2005},
  author={Lott, Neal and Ross, Tom},
  journal={Asheville, NC: NOAA National Climatic Data Center},
  year={2006}
}


@article{changnon2006severe,
	Author = {Changnon, Stanley A and Kunkel, Kenneth E},
	Date-Added = {2019-04-27 19:43:18 -0600},
	Date-Modified = {2019-04-27 19:43:18 -0600},
	Journal = {ISWS Informational/Educational Materials 2006-06},
	Title = {Severe storms in the Midwest},
	Year = {2006},
	Bdsk-File-1 = {YnBsaXN0MDDSAQIDBFxyZWxhdGl2ZVBhdGhZYWxpYXNEYXRhXxAnQ2hhbmdub24gMjAwNiBTdG9ybXMgaW4gdGhlIE1pZHdlc3QucGRmTxECdAAAAAACdAACAAAMTWFjaW50b3NoIEhEAAAAAAAAAAAAAAAAAAAAAAAAAEJEAAH/////H0NoYW5nbm9uIDIwMDYgU3RvciNGRkZGRkZGRi5wZGYAAAAAAAAAAAAAAAAAAAAAAAAAAAAAAAAAAAAAAAAAAP////8AAAAAAAAAAAAAAAAAAQACAAAKIGN1AAAAAAAAAAAAAAAAAApMaXQgUmV2aWV3AAIAoy86VXNlcnM6bWF0dGlyaXNoOkRlc2t0b3A6U3R1ZmYgZnJvbSBDb2xsZWdlIENsYXNzZXM6Q0xJTUFURSA1MzEgYW5kIEFPU1MgNDk5IC0gRlpSTiBwcm9qZWN0IHdpdGggQ2xpbWF0ZSBDZW50ZXI6TGl0IFJldmlldzpDaGFuZ25vbiAyMDA2IFN0b3JtcyBpbiB0aGUgTWlkd2VzdC5wZGYAAA4AUAAnAEMAaABhAG4AZwBuAG8AbgAgADIAMAAwADYAIABTAHQAbwByAG0AcwAgAGkAbgAgAHQAaABlACAATQBpAGQAdwBlAHMAdAAuAHAAZABmAA8AGgAMAE0AYQBjAGkAbgB0AG8AcwBoACAASABEABIAoVVzZXJzL21hdHRpcmlzaC9EZXNrdG9wL1N0dWZmIGZyb20gQ29sbGVnZSBDbGFzc2VzL0NMSU1BVEUgNTMxIGFuZCBBT1NTIDQ5OSAtIEZaUk4gcHJvamVjdCB3aXRoIENsaW1hdGUgQ2VudGVyL0xpdCBSZXZpZXcvQ2hhbmdub24gMjAwNiBTdG9ybXMgaW4gdGhlIE1pZHdlc3QucGRmAAATAAEvAAAVAAIAEP//AAAACAANABoAJABOAAAAAAAAAgEAAAAAAAAABQAAAAAAAAAAAAAAAAAAAsY=}}


@misc{ncei2019storm,
	Author = {National Oceanic & Atmospheric Administration},
	Date-Added = {2019-04-28 14:36:28 -0600},
	Date-Modified = {2019-04-28 14:42:02 -0600},
	Lastchecked = {28 April 2019},
	Month = {April},
	Title = {NCEI Storm Events Database | National Centers for Environmental Information},
	Url = {https://www.ncdc.noaa.gov/stormevents/},
	Year = {2019}}


@article{matte2018mixed,
  title={Mixed precipitation occurrences over southern Qu{\'e}bec, Canada, under warmer climate conditions using a regional climate model},
  author={Matte, Dominic and Th{\'e}riault, Julie M and Laprise, Ren{\'e}},
  journal={Climate Dynamics},
  pages={1--17},
  year={2018},
  publisher={Springer}
}

@inproceedings{mccurdy2001using,
  title={Using dielectric losses to de-ice power transmission lines with 100 kHz high-voltage excitation},
  author={McCurdy, Joshua D and Sullivan, Charles R and Petrenko, Victor F},
  booktitle={Conference Record of the 2001 IEEE Industry Applications Conference. 36th IAS Annual Meeting (Cat. No. 01CH37248)},
  volume={4},
  pages={2515--2519},
  year={2001},
  organization={IEEE}
}